4038 6274
715 455 747 511 S.
768 455 912 510 Romam
929 455 1020 510 Rota.
1567 448 1620 507 153

127 645 241 709 «tenu
264 643 287 709 a
311 641 530 712 moi-meme
559 637 594 711 le
618 643 737 712 meme
772 661 943 730 propos...
967 641 1037 712 elle
1071 641 1161 712 etait
1194 662 1314 712 venue
1349 641 1502 712 assister
1531 641 1554 708 a
1583 638 1621 707 la

126 765 267 835 «Messe
303 765 399 835 dans
424 767 650 856 lachapelle
674 767 725 838 du
750 767 906 838 chateau
930 772 977 852 et,
1002 788 1049 837 en
1073 771 1227 852 sortant,
1247 767 1285 857 je
1308 767 1379 837 l'en
1413 762 1620 848 remerciai;

129 889 244 960 «mais
279 890 348 960 elle
384 912 444 961 me
468 890 522 960 dit
544 896 626 961 tout
649 892 695 962 de
719 891 832 962 suite:
858 897 877 930 ‘⁴
896 893 938 962 Ja
962 915 1010 964 ne
1033 913 1092 963 me
1128 892 1217 963 ierai
1235 891 1371 982 jamais
1399 889 1621 978 cathohque,

129 1033 259 1101 «parce
286 1035 360 1103 que
380 1015 418 1104 je
442 1014 538 1084 tiens
554 1017 578 1084 a
592 1015 749 1105 pouvoir
772 1015 940 1087 divorcer
955 1018 975 1045 ”
993 1045 1023 1087 ».
1049 1016 1193 1087 Coeteri
1216 1021 1329 1087 testes
1357 1016 1395 1086 in
1419 1015 1515 1085 hanc
1539 1033 1622 1083 sen·

129 1137 266 1208 tentiam
289 1139 458 1210 unanimi
485 1141 661 1230 suffragio
686 1142 923 1227 concordant,
948 1141 1092 1212 Annam
1125 1146 1363 1230 protestatem
1387 1139 1502 1210 luisse
1525 1157 1621 1207 mor-

118 1262 230 1352 dicus,
245 1262 315 1333 sibi
339 1269 377 1334 et
399 1270 486 1336 ante
510 1271 546 1336 et
565 1271 650 1356 post
674 1267 879 1338 celebratas
901 1267 1051 1355 nuptias
1082 1265 1140 1336 ius
1168 1265 1377 1336 vindicasse
1405 1259 1619 1335 discedendi

131 1385 238 1456 ariro
268 1387 300 1457 si
324 1388 384 1459 hic
407 1390 503 1460 foret
527 1390 688 1461 infidelis
719 1395 784 1461 aut
814 1392 907 1463 alias
939 1390 1010 1462 sihi
1041 1390 1268 1478 displiceret,
1293 1395 1329 1461 et
1351 1389 1448 1460 hano
1471 1386 1619 1457 faculta-

130 1515 194 1578 tem
225 1509 296 1580 sibi
332 1519 540 1602 competere
563 1535 609 1586 ex
631 1514 778 1602 placitis
813 1520 935 1586 sectae
969 1514 1256 1604 protestanticae
1291 1512 1350 1584 cui
1384 1509 1619 1594 adhaerebat,

130 1655 301 1724 quamque
324 1637 577 1728 derelinquere
601 1640 753 1711 nolebat
775 1662 822 1711 ne
851 1639 921 1710 sihi
945 1623 1168 1710 adimeretur
1193 1638 1285 1709 haec
1298 1637 1427 1708 eadem
1442 1633 1599 1711 facultas

220 1759 297 1830 Iam
310 1769 409 1852 age:
432 1764 492 1834 his
515 1765 554 1834 in
575 1764 744 1837 terminis
767 1764 976 1836 continetur
1006 1763 1231 1835 examussim
1260 1784 1359 1832 orror
1381 1764 1478 1831 acria
1500 1778 1610 1848 quem

130 1881 173 1950 itu
193 1884 319 1956 definit
342 1887 448 1958 Card.
473 1889 659 1978 Gasparri,
682 1893 733 1960 De
755 1894 913 1960 matrim.
937 1912 973 1959 n.
999 1894 1074 1974 792,
1099 1890 1338 1977 (edit.1891):
1363 1886 1505 1956 «Error
1519 1881 1620 1954 iuris·

130 2036 148 2068 «
164 2007 250 2080 circa
275 2013 510 2084 essentialem
543 2015 805 2103 proprietatem
838 2013 1063 2085 matrimonii
1092 2012 1299 2084 verificatur
1320 2011 1361 2082 ¹si
1394 2009 1615 2082 contrahens

132 2161 177 2194 ‹-
193 2135 249 2204 vel
264 2143 371 2225 putat
386 2139 575 2209 vinculum
599 2139 870 2210 matrimoniale
891 2138 985 2210 solvi
1001 2159 1112 2228 posse
1128 2138 1258 2208 saltem
1274 2136 1314 2206 in
1329 2136 1455 2225 aliqua
1470 2134 1619 2204 circum·

130 2261 300 2346 «stantia,
319 2268 362 2332 ut
382 2267 511 2334 tenent
536 2263 714 2350 infideles,
730 2285 877 2336 necnon
901 2264 1029 2335 Graeci
1054 2262 1279 2336 schismatici
1300 2262 1363 2352 qui
1388 2265 1515 2332 contra
1530 2259 1618 2330 defi·

131 2384 332 2457 «nitionem
364 2388 502 2459 Concil.
529 2389 691 2461 Trident.
715 2413 800 2462 sesa.
823 2395 878 2476 24,
904 2411 982 2478 cop.
1008 2395 1028 2460 7
1058 2389 1180 2460 adhuc
1211 2392 1407 2458 autumant
1437 2385 1618 2456 adulterio

129 2509 277 2581 «induci
301 2512 500 2584 divortium
524 2507 687 2603 plenum,
703 2519 740 2586 et
756 2515 927 2586 nonnulli
951 2515 1114 2604 perversi
1138 2535 1181 2584 ac
1201 2513 1414 2605 ignorantes
1438 2511 1620 2597 catholici,

128 2637 368 2720 «praesertim
398 2643 485 2727 post
514 2639 701 2709 funestam
733 2639 880 2710 divortii
910 2640 1049 2729 legem;
1074 2678 1094 2690 -
1118 2639 1178 2709 vel
1207 2643 1314 2727 putat
1337 2659 1377 2708 se
1400 2641 1485 2726 post
1515 2635 1617 2706 illum
1689 2629 1694 2636 ’

127 2785 143 2817 ‹
165 2759 335 2830 maritum
365 2762 425 2832 vel
448 2783 602 2832 uxorem
626 2783 736 2853 posse
760 2763 875 2834 alium
899 2783 1048 2852 quoque
1071 2764 1129 2834 vel
1152 2762 1263 2833 aliam
1291 2761 1548 2851 superaddere,
1565 2759 1619 2828 uti

127 2910 144 2942 ι
157 2903 284 2954 rursus
301 2884 491 2970 infideles;
508 2926 528 2938 -
545 2887 602 2956 vel
617 2887 770 2957 tandem
788 2893 893 2976 putat
916 2887 1191 2958 matrimonium
1214 2907 1291 2956 non
1307 2907 1388 2956 esse
1412 2905 1619 2956 sacramen·

124 3012 244 3094 «tum,
267 3009 323 3079 uti
347 3015 605 3099 protestantes,
629 3011 767 3101 quihus
790 3012 993 3083 adhaerent
1015 3012 1140 3101 plures
1156 3011 1318 3101 perversi
1342 3031 1385 3082 ac
1408 3011 1619 3101 ignorantes

123 3160 139 3192 ι
154 3133 371 3206 catholici».
396 3134 479 3220 Qua
509 3135 548 3205 in
579 3135 792 3207 definitione
820 3137 1029 3207 continetur
1059 3158 1314 3226 quaecumque
1345 3135 1455 3206 fuerit
1485 3134 1619 3206 erroris

120 3259 256 3343 species
286 3281 382 3349 quae
414 3261 454 3330 in
484 3260 614 3332 Annae
645 3267 767 3331 mente
798 3266 1037 3348 versennium
1069 3263 1135 3333 sed
1166 3265 1265 3332 certa
1293 3265 1330 3331 et
1356 3265 1531 3331 constans
1562 3263 1620 3330 est

122 3381 317 3454 Doctorum
340 3385 525 3456 sententia
540 3385 631 3456 etin
647 3387 727 3460 loro
744 3385 1043 3475 iurisprudentia,
1067 3387 1179 3458 talem
1202 3406 1333 3475 nempe
1354 3405 1515 3456 errorem
1530 3385 1618 3454 vali·

120 3507 217 3579 ditati
234 3508 464 3581 matrimonii
478 3531 554 3581 non
570 3511 724 3582 officere.
740 3511 855 3582 Docet
870 3512 950 3601 ipse
964 3511 1071 3583 Card.
1086 3511 1270 3600 Gasparri,
1283 3511 1355 3581 iam
1369 3511 1477 3580 citat:
1496 3537 1516 3574 ι
1529 3511 1619 3580 Iam·

120 3653 234 3704 «vero
250 3634 326 3706 hoc
341 3635 380 3704 in
395 3655 497 3719 casu,
513 3640 654 3706 certum
670 3642 727 3706 est
741 3635 871 3705 haberi
887 3656 1108 3706 consensum
1128 3633 1446 3720 matrimonialem,
1462 3635 1618 3723 ideoque

119 3758 428 3828 «matrimonium
459 3780 524 3847 per
553 3781 594 3830 se
621 3759 742 3830 valere
774 3755 858 3830 oum'
890 3760 1047 3848 simplici
1078 3781 1201 3831 errore
1232 3759 1339 3845 iuris,
1370 3763 1481 3829 etiam
1510 3761 1619 3828 dante

118 3902 296 3953 «crusna
320 3889 538 3970 controotci;
560 3907 707 3970 nempe:
731 3888 766 3955 si
788 3888 1001 3955 contrahens
1028 3889 1093 3974 pai
1118 3889 1160 3954 in
1186 3906 1304 3954 errore
1325 3887 1492 3954 versatur
1517 3885 1619 3954 modo

118 4011 224 4076 «vult
235 4013 340 4077 inire
354 4030 478 4078 conon
499 4013 775 4079 matrimonium
794 4013 921 4096 prouti
942 4030 969 4079 o
982 4011 1136 4079 Domino
1156 4011 1366 4079 institutum
1380 4011 1463 4078 ert...
1478 4011 1510 4076 ot
1520 4011 1619 4094 posi-

117 4155 133 4188 ‹
148 4133 215 4202 tivo
237 4135 444 4202 volumtas
466 4137 550 4202 actu
571 4135 645 4201 non
671 4136 828 4202 meludit
845 4137 1104 4220 proprietatem
1129 4135 1360 4202 moirinwnio
1382 4127 1633 4216 maentiohm,'

116 4279 131 4312 ι
148 4257 222 4324 licet
246 4259 456 4327 secluderet
477 4261 513 4326 ai
535 4258 578 4325 da
596 4278 640 4326 co
656 4261 855 4344 copitarct...
881 4257 991 4343 Quod
1007 4257 1038 4328 si
1054 4256 1287 4342 contrahens,
1304 4255 1475 4344 explicito
1491 4255 1619 4325 volun·

115 4381 230 4452 «tatis
246 4387 351 4465 actu,
369 4403 436 4452 seu
452 4402 540 4452 vcra
557 4382 691 4452 mentis
707 4382 928 4466 conditione,
951 4382 1051 4454 illam
1076 4381 1335 4470 proprietatem
1359 4401 1487 4452 revera
1501 4380 1619 4451 exclu-

114 4506 205 4594 ‹dit
229 4508 517 4579 matrimonium
543 4496 686 4578 irritum
710 4513 767 4579 est
783 4536 815 4580 »,
840 4509 882 4578 In
906 4509 1002 4580 hanc
1024 4530 1102 4579 rem
1127 4509 1179 4578 ita
1203 4507 1350 4578 disserit
1370 4506 1506 4577 Bened.
1523 4506 1617 4592 XIV,

114 4634 158 4699 De
178 4635 316 4721 Synod.
344 4639 456 4719 1,13,
483 4657 510 4703 c.
534 4639 589 4719 22,
613 4656 649 4704 a.
687 4641 716 4703 7.
742 4635 974 4705 «Praeterea
1008 4634 1185 4724 Theologi
1217 4638 1253 4704 et
1284 4632 1506 4704 Canonistae
1541 4653 1617 4702 non

115 4783 131 4816 ‹
145 4757 264 4828 solum
290 4757 480 4828 rationem
503 4757 697 4847 inquirunt
712 4779 777 4829 cur
796 4759 939 4828 nullum
955 4763 1144 4828 remaneat
1168 4756 1441 4827 matrimonium
1457 4757 1496 4827 in
1512 4755 1618 4826 cuius

115 4907 131 4940 ‹
147 4889 341 4955 contractu
375 4882 536 4952 insertae
566 4881 703 4952 fuerint
734 4881 964 4952 conditiones
995 4882 1113 4970 ipsius
1143 4881 1375 4952 substantiae
1398 4889 1441 4952 ac
1464 4887 1618 4951 naturae

116 5009 367 5092 «contrariae,
391 5005 593 5077 sedetiam
617 5026 712 5095 quae
735 5005 785 5077 sit
809 5007 903 5076 ratio
928 5005 1027 5077 illius
1050 5006 1271 5078 discriminis
1294 5006 1392 5076 unde
1417 5005 1458 5075 fit
1473 5011 1514 5074 ut
1530 5004 1619 5075 vali-

117 5133 227 5204 ‹dum
254 5135 487 5222 firmumque
504 5132 631 5202 haberi
649 5133 782 5202 debeat
798 5133 1074 5203 matrimonium
1098 5153 1226 5203 eorum
1242 5133 1316 5221 qui,
1332 5131 1434 5202 nulla
1449 5131 1619 5220 apposita

116 5261 373 5344 «conditione,
398 5257 614 5329 huiusmodi
637 5257 742 5328 alteri
767 5259 919 5343 nubent,
944 5257 1088 5328 etiamsi
1119 5258 1250 5328 falsam
1282 5257 1381 5327 illam
1406 5256 1618 5345 opinionem

117 5385 289 5456 «foveant
313 5405 397 5475 qua
420 5386 553 5472 putent
584 5383 860 5454 matrimonium
892 5383 1025 5472 ipsum,
1050 5384 1165 5454 fracta
1196 5405 1260 5472 per
1288 5382 1511 5454 adulterium
1535 5381 1619 5468 fide,

50 5596 53 5600 ,
119 5511 304 5584 «solutum
331 5509 404 5581 iri:
430 5513 560 5578 contra
589 5528 678 5578 vero
710 5509 853 5578 nullum
881 5515 918 5580 et
944 5507 1087 5579 irritum
1112 5509 1337 5578 censendum
1360 5507 1409 5577 sit
1432 5506 1618 5576 matrimo-
1688 5549 1690 5553 v

165 5655 234 5708 Ama,
248 5653 298 5700 voi.
312 5652 356 5707 IV,
373 5662 401 5693 n.
416 5649 437 5692 l.
455 5673 480 5682 -
493 5648 604 5693 294012.
1540 5647 1564 5692 11
