4038 6274
735 437 766 492 S.
788 439 932 492 Rolnam
951 438 1040 492 Rota.
1586 433 1639 490 109

143 627 215 690 tum
239 651 258 684 «
277 622 553 692 matrimonium
579 620 617 690 in
641 620 818 710 principio
843 621 937 690 forte
961 619 1174 702 invalidum,
1202 619 1240 688 in
1271 617 1348 688 vita
1379 617 1638 688 matrimoniali

146 747 284 816 «trium
321 746 436 817 ferme
469 747 671 816 lustrorum
707 745 910 816 invalidum
946 743 1138 828 mansisse,
1162 743 1358 833 praecipue
1392 763 1436 813 eo
1464 749 1639 832 ternpore,

146 892 289 960 «quum
327 875 472 940 mortuo
508 875 610 958 patre
644 869 807 939 violento
842 867 1070 958 cessatisque
1105 867 1235 952 minis,
1259 868 1372 937 vitam
1408 867 1639 958 coniugalem

146 1017 258 1066 «cum
284 995 418 1066 marito
443 996 721 1066 continuaret».

244 1120 391 1189 Natalia
414 1118 698 1208 appellationem
721 1117 882 1188 instituit
897 1122 933 1188 et
949 1118 1084 1207 prodiit
1099 1118 1262 1188 secunda
1277 1117 1461 1189 sententia
1476 1119 1515 1188 in
1532 1117 1642 1188 Curia

146 1243 423 1332 Metropolitana
447 1243 665 1332 Strigonien.
690 1242 838 1313 edicens
863 1271 881 1306 ‹
900 1263 945 1312 ex
969 1243 1088 1332 capite
1111 1241 1168 1314 vis
1192 1248 1229 1312 et
1251 1246 1372 1314 metus
1398 1242 1437 1312 in
1460 1244 1640 1313 Actricem

149 1367 315 1438 «iniuste
338 1367 478 1438 incussi
506 1367 578 1438 iam
603 1367 643 1438 in
666 1367 788 1438 radice
819 1367 963 1436 irritum
994 1388 1075 1438 esse
1104 1367 1400 1452 matrimonium;
1432 1367 1529 1438 idem
1556 1388 1641 1437 vero

148 1523 164 1556 «
179 1499 256 1564 toto
272 1498 438 1582 tempore
455 1493 647 1564 convictus
663 1491 842 1562 maritalis
858 1490 999 1562 irritum
1021 1491 1223 1562 mansisse:
1249 1512 1362 1581 quare
1385 1493 1540 1582 abrogat
1562 1513 1642 1562 sen-

150 1617 332 1688 «tentiam
357 1617 496 1706 primae
520 1616 767 1687 instantiae».

244 1739 390 1810 Vinculi
415 1738 695 1809 matrimonialis
719 1739 900 1824 Assertor,
914 1737 996 1828 ipso
1013 1739 1092 1808 iure
1110 1739 1182 1809 hoo
1197 1739 1419 1828 postulante,
1433 1741 1643 1827 provocavit

147 1869 190 1936 ad
214 1865 358 1936 tertiam
373 1866 597 1950 instantiam,
614 1886 709 1955 quae
725 1865 897 1934 absoluta
913 1870 970 1935 est
984 1885 1098 1953 penes
1117 1864 1266 1936 Curiam
1286 1862 1531 1935 Primatialem
1552 1864 1641 1935 Stri-

152 1991 286 2080 gonien.
316 1995 353 2060 et
384 1989 521 2078 prodiit
544 1973 728 2060 sententia
752 2017 770 2052 e
788 1989 979 2059 declarans
1007 1987 1280 2058 matrimonium
1305 1989 1343 2058 in
1367 1987 1489 2058 radice
1516 1988 1644 2058 invali-

155 2143 171 2176 «
186 2116 270 2185 dum
293 2133 387 2199 esse,
410 2114 582 2202 idemque
598 2113 637 2181 in
651 2111 775 2182 radice
792 2111 1003 2196 invalidum,
1028 2111 1067 2181 in
1089 2111 1316 2183 invaliditate
1339 2118 1551 2184 constanter
1566 2131 1645 2201 per-

157 2239 384 2308 «durasse».
408 2235 471 2308 Uti
495 2237 606 2306 refert
622 2235 830 2306 cardinalis
854 2236 998 2306 Primae
1026 2235 1106 2306 suis
1136 2235 1267 2306 litteris
1295 2235 1367 2306 diei
1390 2237 1435 2306 ho
1461 2237 1533 2306 ian.
1559 2237 1647 2306 1910

159 2363 243 2433 datis
265 2363 358 2432 limo
384 2360 569 2432 Cardinali
594 2382 616 2431 a
640 2361 799 2431 Secretis
831 2361 969 2446 Status,
999 2366 1077 2431 tum
1110 2359 1221 2430 Curia
1252 2362 1543 2450 Metropolitana,
1566 2369 1643 2432 tum

163 2487 260 2557 Curia
283 2485 506 2556 Primatialis
530 2486 567 2556 in
592 2484 811 2556 sententiam
837 2485 1064 2556 devenerunt
1086 2490 1258 2555 unanimi
1279 2491 1443 2556 iudicum
1461 2509 1643 2560 concensu.

165 2611 397 2681 Nihilominus
411 2611 512 2682 hisce
529 2610 780 2681 conformibus
796 2608 989 2680 sententiis
1005 2631 1081 2678 non
1096 2609 1281 2697 acquievit
1295 2610 1440 2681 Vinculi
1455 2611 1645 2696 Defensor,

165 2737 218 2806 sed
232 2742 332 2806 ratus
355 2741 413 2806 est
435 2736 493 2805 sui
517 2735 683 2805 muneris
705 2755 786 2805 esse
810 2735 857 2804 ad
882 2735 918 2805 S.
936 2734 1068 2805 Sedem
1093 2734 1299 2825 appellare;
1323 2740 1361 2806 et
1382 2756 1509 2806 revera
1524 2736 1647 2826 appel-

169 2860 251 2929 lavit.
274 2899 293 2912 -
317 2859 460 2929 Exinde
483 2859 655 2948 ablegata
670 2858 741 2928 fuit
756 2858 867 2929 Curia
884 2858 1116 2929 Sabariensis
1132 2879 1198 2948 pro
1216 2880 1312 2929 novo
1329 2880 1463 2930 causae
1479 2859 1646 2930 examine

169 2991 198 3054 et
215 2985 309 3071 haec,
326 2984 381 3054 uti
397 2989 504 3054 notat
527 2985 641 3054 Emus
665 2983 807 3054 Primas
835 2983 1011 3054 incitatis
1033 2984 1175 3069 litteris,
1200 3014 1218 3049 «
1235 2985 1403 3073 quaesita
1423 3004 1521 3070 cura,
1538 2986 1647 3056 maxi·

170 3131 318 3200 «maque
354 3131 438 3180 cum
473 3109 545 3179 fide
576 3115 613 3179 et
648 3107 836 3198 diligentia
870 3109 1107 3198 pertractavit
1129 3114 1371 3197 quceatiooam
1393 3113 1487 3180 hunc
1509 3114 1648 3195 difficit-

170 3237 316 3304 ‹timcm
332 3263 362 3306 ».
387 3236 533 3323 Reapse
555 3256 688 3304 novum
710 3237 853 3303 testimo
875 3255 1027 3304 maruan
1054 3235 1216 3323 perfecit,
1240 3255 1308 3305 nec
1338 3235 1471 3305 minori
1499 3235 1647 3306 solertia

170 3367 198 3428 et
223 3361 340 3432 studio
375 3359 582 3431 executioni
619 3358 795 3429 mandare
829 3357 971 3428 studuit
1005 3359 1221 3448 rescriptum
1258 3359 1294 3430 S.
1320 3360 1358 3431 C.
1387 3359 1539 3431 Concilii
1575 3361 1647 3431 diei

172 3485 203 3552 ll
224 3485 307 3554 iunii
335 3486 421 3554 1909
444 3484 673 3574 praecipiens
697 3483 897 3554 nonnullos
924 3504 1043 3554 novos
1073 3489 1187 3554 testes
1216 3485 1376 3555 examini
1400 3485 1648 3557 subiiciendos

172 3629 257 3694 esse;
279 3616 315 3680 at
338 3612 476 3680 frustra
498 3610 609 3680 cessit
631 3609 732 3679 zelus
757 3608 889 3680 Curiae
913 3608 1001 3698 quia
1025 3609 1189 3680 citationi
1213 3609 1403 3698 respondit
1417 3615 1561 3681 tantum
1579 3613 1647 3681 Ba-

172 3735 296 3805 rouissa
322 3736 424 3805 Dora
455 3735 601 3805 Pereira
631 3755 761 3823 parurn
793 3734 852 3803 vel
881 3733 974 3803 nihil
1010 3733 1055 3804 de
1086 3733 1193 3804 factis
1227 3736 1472 3806 controversis
1507 3737 1648 3823 edocta,

173 3861 304 3931 coeteris
334 3861 493 3931 testibus
524 3881 606 3930 sese
637 3859 900 3929 excusantibus
924 3881 947 3928 a
970 3859 1248 3948 comparitione,
1272 3859 1466 3949 praecipue
1498 3863 1585 3951 quia
1609 3883 1648 3932 se

174 3982 249 4052 nihil
269 3986 336 4055 hac
359 3986 404 4056 de
428 4007 467 4056 re
491 3985 584 4055 scire
608 3985 845 4054 affirmarunt
871 3983 965 4054 Dein
988 3985 1172 4053 sententia
1188 3983 1287 4054 edita
1302 3988 1358 4054 est
1374 3984 1432 4054 die
1451 3985 1492 4054 13
1508 3987 1648 4057 decem·
1744 3997 1745 4001 ’

176 4105 236 4178 bris
252 4111 340 4196 1909,
357 4133 454 4200 quae
469 4139 487 4174 e
505 4109 685 4198 adprobat
701 4114 738 4178 et
753 4109 947 4178 confirmat
969 4107 1188 4179 sententiam
1206 4110 1335 4180 tertiae
1352 4109 1560 4196 instantiae,
1577 4133 1651 4201 qua

179 4236 371 4304 «sententia
394 4235 535 4323 primae
559 4233 758 4303 instantiae
782 4233 980 4322 abrogatur
996 4239 1032 4303 et
1048 4233 1322 4304 matrimonium
1347 4235 1385 4304 in
1408 4235 1531 4306 radice
1551 4237 1650 4306 inva-

179 4353 303 4426 «lidum
328 4357 535 4428 declaratur
551 4385 581 4426 ».

262 4480 391 4552 Verum
407 4481 544 4552 hahere
559 4502 636 4550 non
653 4486 797 4569 poterat
811 4480 1025 4550 huiusmodi
1041 4481 1224 4551 sententia
1239 4483 1312 4552 vim
1330 4483 1528 4554 definiendi
1544 4486 1650 4555 ahso-

181 4597 240 4671 lute
251 4612 521 4677 controversum
535 4605 734 4696 negotium,
747 4605 834 4694 quia
847 4605 1089 4675 Beatissimus
1103 4606 1211 4676 Pater
1223 4607 1356 4677 Noster
1367 4608 1426 4677 die
1442 4609 1463 4677 9
1475 4609 1549 4678 iun.
1565 4611 1651 4680 1909

182 4744 232 4810 per
251 4729 382 4802 htteras
404 4730 612 4802 Cardinalis
629 4752 652 4800 a
668 4729 826 4800 Secretis
849 4730 975 4800 Status
996 4751 1101 4800 suam
1125 4730 1351 4800 voluntatem
1369 4732 1648 4822 significaverat,

182 4856 373 4926 sententiam
389 4854 530 4926 scilicet
544 4877 567 4924 a
583 4854 794 4925 Sabariensi
812 4853 923 4924 Curia
943 4855 1259 4943 pronunciandam
1283 4878 1358 4926 non
1382 4859 1460 4927 fore
1483 4859 1649 4929 ultimam

183 4977 273 5063 atque
284 4980 449 5050 absolute
463 4978 689 5050 definitivam
702 4978 767 5048 ubi
780 4978 1021 5050 sanctissimo
1035 4979 1214 5067 placuerit
1226 4980 1325 5050 aliud
1342 4981 1493 5071 insuper
1509 4983 1651 5080 institui

182 5093 340 5172 iudicium.
363 5104 418 5174 Re
442 5124 533 5173 sane
553 5123 640 5172 vera
658 5103 920 5172 Sanctissimus
937 5103 1033 5172 hanc
1048 5123 1230 5188 caussam,
1246 5125 1357 5193 quam
1377 5105 1491 5176 hirnus
1509 5109 1650 5181 Primas

183 5225 317 5309 appellat
337 5228 584 5300 difficillimam
611 5227 649 5296 in
674 5227 795 5298 citatis
819 5227 958 5312 litteris,
970 5247 1108 5296 novum
1136 5249 1290 5298 examen
1321 5232 1476 5301 moereri
1500 5237 1651 5323 censuit,

184 5349 315 5421 maxime
339 5384 357 5417 «
373 5355 421 5424 oh
445 5375 563 5424 novas
587 5359 757 5443 acceptas
787 5353 938 5422 notitias
966 5352 1191 5443 singularum
1225 5353 1581 5428 circumstantiarum
1605 5363 1651 5432 ad

186 5470 294 5546 «hanc
307 5501 474 5552 caussam
492 5479 753 5568 pertinentium
768 5508 785 5543 »
808 5479 874 5570 (ita
889 5477 927 5547 in
944 5477 1073 5548 litteris
1091 5477 1296 5548 Cardinalis
1313 5501 1335 5548 a
1352 5481 1509 5553 Secretis
1526 5485 1661 5557 Status
