4120 6284
699 452 730 508 S.
753 451 949 522 mumma
966 454 1102 510 armum.
1613 449 1650 508 69

255 642 311 708 Ad
333 642 482 708 Laudes
504 640 713 708 Domiuieee
735 639 799 707 IV.
826 641 1149 728 thdrepesimae,
1176 641 1247 708 toea
1269 640 1495 725 Autipbauae
1525 644 1649 710 tertiae

159 747 354 818 Benedicat
389 767 458 816 uos
493 747 603 831 Deus,
626 746 867 816 substituatur
897 756 1066 834 sequeus:
1099 746 1155 816 Me
1188 746 1378 834 suscepit*
1401 746 1551 816 dextere
1574 751 1648 832 tua,

158 854 320 924 Domine.

258 1053 314 1119 Aa
337 1053 482 1120 Laudes
504 1053 633 1120 Furiae
651 1051 712 1118 IV.
728 1051 882 1139 Mejaris
904 1051 1164 1135 Hebdomadas,
1182 1051 1253 1120 toea
1272 1050 1499 1136 Antiphatae
1526 1053 1649 1120 tertiae

158 1159 228 1248 lpsi
245 1180 344 1244 vero,
359 1159 599 1228 substituetur
612 1178 779 1244 sequeus.-
805 1157 861 1226 Tu
878 1162 1012 1242 autem,
1028 1155 1223 1242 Domine*
1238 1156 1310 1227 scis
1330 1177 1438 1226 omne
1454 1155 1649 1226 consilium

158 1286 281 1336 eorum
305 1264 503 1334 adversum
526 1284 585 1333 me
608 1262 646 1332 in
671 1266 836 1333 mortem.

257 1411 345 1477 Ιῑσσι
370 1409 440 1476 tace
462 1405 688 1491 Antiphatae
711 1407 860 1490 quietae
888 1403 1007 1494 Alliga
1034 1403 1202 1489 Domine,
1217 1407 1459 1476 aestuamur
1481 1426 1649 1492 aequem:

157 1515 237 1599 Fac,
262 1511 428 1595 Domine,
448 1509 662 1600 *judicium
689 1507 859 1599 injuriam
887 1508 1132 1598 patientibus:
1160 1514 1197 1579 et
1225 1509 1301 1580 vias
1332 1514 1565 1599 peccatorum
1596 1509 1649 1580 di·

158 1621 296 1710 sperdo.

257 1819 314 1885 Ae
335 1819 482 1886 Luce
504 1816 632 1884 Feriae
654 1818 689 1886 V.
712 1819 755 1884 iu
781 1815 897 1884 Caute
919 1816 1077 1898 Damiui,
1100 1817 1230 1886 Feriee
1251 1817 1305 1885 VI.
1329 1819 1370 1884 iu
1394 1817 1589 1886 Paraseeae
1618 1819 1650 1884 et

157 1928 301 1996 Sabbati
323 1926 449 1994 Seruii
465 1925 656 2008 pariantur
678 1923 820 1991 Psalmi
842 1924 886 1989 ee
912 1924 1023 1990 Ferte
1053 1925 1221 2006 curreuti,
1244 1925 1376 1991 retemta
1400 1943 1471 2008 pra
1499 1923 1650 1990 Sabbata

158 2035 301 2103 Garitioe
328 2031 406 2121 Ego
429 2028 503 2098 dixi
526 2031 586 2098 ete.

257 2232 303 2298 Iu
325 2231 396 2314 fiee
418 2230 546 2294 Fertae
569 2227 604 2294 V.
631 2229 673 2293 iu
699 2225 814 2296 (laeua
836 2227 984 2294 Domini
1006 2227 1165 2294 Rubriae
1195 2226 1251 2294 Ad
1276 2224 1561 2313 Complatorium
1589 2229 1648 2295 ete.

153 2341 201 2407 aie
224 2338 446 2420 carripetur:
470 2333 526 2404 Ad
551 2332 837 2421 completorium
866 2354 942 2402 nou
967 2333 1138 2403 dicitur...
1155 2333 1326 2420 incipitur
1349 2355 1372 2403 a
1395 2333 1542 2403 Psalmo
1560 2334 1649 2403 Cum
1704 2353 1706 2358 ⁴

152 2449 374 2514 invocarem:
388 2447 426 2512 et
444 2441 615 2511 dicuutur
633 2439 769 2510 Psalmi
793 2440 839 2511 de
855 2439 1058 2525 Dominica,
1075 2445 1117 2510 ut
1139 2439 1177 2510 in
1201 2439 1390 2510 Psalterio.
1407 2440 1524 2511 Dictis
1548 2439 1649 2510 Psal-

154 2552 220 2622 mis
245 2555 306 2620 etc.

240 2747 299 2815 Ad
324 2745 595 2831 Oampletorium
619 2745 766 2814 Sabbeti
790 2745 916 2814 Seresti
939 2746 1044 2812 verbe
1065 2747 1258 2814 Rubricae:
1281 2744 1421 2816 Deinde
1446 2745 1525 2816 sine
1548 2744 1651 2814 Anti-

152 2855 278 2943 phone
294 2853 467 2922 dicuntur
483 2851 618 2920 Psalmi
641 2850 818 2936 consueti,
834 2855 886 2919 sic
909 2854 1152 2938 aarripeutur:
1177 2851 1317 2923 Deinde
1341 2851 1420 2922 sine
1436 2853 1650 2941 Antiphone

152 2961 326 3031 dicuntur
342 2957 479 3027 Psalmi
497 2957 540 3027 de
560 2956 760 3028 Dominica.

256 3157 339 3224 Post
362 3155 506 3222 Laudes
529 3157 738 3222 Damiuieue
761 3156 1042 3224 Resurrectiouis
1064 3158 1223 3225 Rubriae
1251 3155 1307 3225 Ad
1331 3155 1487 3224 Primam
1509 3161 1568 3226 ete.
1598 3160 1651 3226 sie

151 3265 373 3349 car-ripetur:
392 3261 450 3329 Ad
466 3259 637 3344 Primam,
655 3260 826 3352 Tertiam,
841 3261 991 3330 Sextum
1050 3261 1221 3332 dicuntur
1236 3261 1370 3332 Psalmi
1388 3263 1432 3332 de
1444 3262 1649 3348 Dominica,

152 3371 198 3439 ad
221 3369 384 3438 Primam
409 3373 534 3436 temen
558 3371 600 3436 ut
623 3365 661 3436 in
684 3365 814 3451 Pestis,
838 3367 974 3456 quibus
999 3368 1112 3438 finitis
1134 3375 1193 3438 etc.

255 3564 313 3630 Ad
338 3562 610 3646 Gomptatarium
640 3563 849 3630 Dominicee
878 3564 1180 3649 Resurrectiauis,
1204 3565 1363 3633 Rubriae
1396 3563 1502 3633 Dicto
1531 3567 1564 3650 t.
1588 3566 1647 3632 ete.

152 3674 203 3738 sic
226 3672 447 3756 corripetur:
470 3667 576 3738 Dicto
597 3671 632 3755 t.
648 3667 820 3738 dicuntur
837 3668 974 3738 Psalmi
990 3670 1036 3806 de
1052 3669 1285 3742 Dominica...
1302 3670 1437 3760 quibus
1461 3669 1574 3740 finitis
1589 3673 1649 3740 etc.

332 3934 517 4004 Daunum
541 3954 578 4003 iu
602 3935 714 4002 Annis
738 3955 775 4002 ru
801 3933 950 4004 Ocrevs
974 3936 1153 4005 Passum.
1170 3939 1314 4022 Duptee
1337 3941 1466 4026 majus.

258 4113 314 4180 Ad
336 4115 481 4181 Laudes
502 4116 707 4198 suppressis
736 4115 955 4199 Autipltauis
984 4118 1015 4184 et
1039 4117 1198 4186 Psalmis
1220 4137 1331 4204 usque
1355 4117 1404 4184 ad
1430 4115 1648 4200 Oepitutum,

162 4220 317 4288 dicetur:
343 4217 477 4289 Omnia
499 4217 601 4288 utin
625 4219 813 4291 Psalterio.

525 4467 639 4538 Pseu
663 4467 709 4540 ll.
733 4489 825 4538 rosa
849 4471 1065 4540 Dourumeu
1093 4490 1129 4538 1u
1154 4468 1276 4539 Aums.

260 4667 313 4733 Ad
335 4669 480 4735 Laudes
503 4671 756 4751 supprimmtur
777 4669 946 4753 Rubriae,
972 4691 1064 4756 quae
1085 4671 1229 4753 incipit:
1260 4669 1393 4737 Postea
1419 4667 1460 4737 fit
1491 4688 1649 4739 comme-

171 4772 320 4856 moratio,
343 4795 456 4860 usque
479 4774 529 4841 ed
558 4775 592 4859 t.
618 4777 655 4842 et
679 4771 815 4868 Oratio,
841 4779 882 4843 ut
904 4795 1016 4861 supra
1042 4777 1226 4843 iuclusiue.

502 5041 686 5110 Dammae
715 5061 821 5110 muas
848 5040 1026 5111 Ocrsvuu
1051 5042 1300 5111 Ascuumoms.

258 5251 300 5319 Iu
319 5256 390 5339 flue
406 5253 589 5322 addetur:
617 5251 655 5321 Si
675 5231 761 5322 veie
779 5251 1034 5322 incrastinum
1058 5253 1122 5322 fiat
1147 5233 1313 5323 Officium
1332 5253 1377 5323 de
1395 5253 1546 5339 Octava,
1566 5254 1651 5324 Ant.

169 5355 201 5418 et
220 5355 248 5440 i.
264 5365 459 5430 sumuntur
485 5378 505 5427 e
530 5357 556 5426 Ι.
580 5357 752 5446 ¹Vesperis
776 5359 871 5429 testi.
