4038 6274
725 435 757 498 S.
777 443 915 498 Βοπιαηα
933 437 1019 498 cola.
1570 434 1623 494 mc

1463 537 1622 546 ῃ...-

132 627 305 716 obligatus
342 634 470 700 manet
492 632 529 698 et
552 629 760 699 declaratur
782 629 831 698 ad
865 628 1082 698 solvendum
1120 625 1359 697 enunciatum
1393 626 1562 708 reditum,
1586 629 1625 693 at

133 758 229 840 prout
262 753 485 824 imminutus
519 753 688 842 provenit
718 775 764 824 ex
787 753 932 824 schedis
968 751 1081 823 debiti
1115 750 1251 840 publici
1286 750 1397 821 italici
1421 749 1458 819 in
1489 749 1625 838 quibus

133 877 296 948 investita
320 878 392 949 fuit
415 885 528 968 quota
552 899 699 949 summa
722 877 889 967 capitalis
913 877 1107 967 praedicti:
1132 897 1252 965 neque
1268 877 1315 946 ad
1331 875 1443 946 huius
1466 874 1627 950 traditio·

133 1023 205 1072 nem
231 1003 419 1090 parochus
443 1003 577 1074 Donati
601 1001 780 1091 adstringi
804 1006 936 1091 potest,
953 1023 1037 1072 cum
1061 1000 1190 1071 titulus
1214 1001 1263 1070 sit
1285 998 1536 1069 nominativus
1559 1008 1648 1066 seu·

133 1127 324 1216 inscriptus
348 1127 497 1198 nomine
521 1128 713 1217 paroeciae
737 1127 808 1197 loci
832 1127 1015 1217 Hagnone,
1039 1134 1075 1197 et
1098 1147 1194 1196 onus
1222 1123 1434 1213 impositum
1460 1144 1481 1192 a
1504 1121 1627 1192 rescri-

133 1259 185 1340 pto
211 1251 408 1322 Pontificio
433 1252 471 1321 in
494 1272 671 1340 praesens
704 1251 922 1341 gubernium
947 1272 1023 1321 non
1047 1255 1296 1340 recognoscat,
1321 1253 1357 1318 et
1384 1260 1547 1336 tempore
1570 1267 1627 1316 va·

132 1377 282 1446 cationis
317 1376 507 1464 paroeciae
542 1377 613 1445 loci
649 1375 825 1446 Saccione
860 1397 1086 1447 oeconomus
1121 1373 1383 1446 beneficiorum
1418 1372 1627 1442 vacantium

133 1502 340 1572 huiusmodi
363 1502 503 1572 reditus
527 1501 751 1573 solutionem
775 1522 965 1590 nunquam
990 1499 1162 1590 exegerit.

231 1626 390 1697 Demum
406 1626 489 1695 Rni
508 1626 636 1697 Patres
659 1627 925 1714 expenderunt,
941 1627 1042 1716 quod
1065 1624 1252 1714 impositio
1268 1623 1457 1713 pensionis
1481 1643 1627 1692 annuae

135 1733 332 1820 libellorum
359 1751 424 1821 100
446 1751 564 1821 factae
588 1750 626 1820 in
651 1752 796 1821 decreto
833 1751 1042 1821 executorio
1067 1755 1255 1838 utsupra,
1279 1749 1349 1819 dici
1372 1748 1502 1836 nequit
1524 1766 1630 1817 cano-

136 1875 250 1946 nizata
273 1895 341 1946 seu
376 1876 593 1946 confirmata
616 1878 662 1946 ab
686 1875 932 1946 instrumento
967 1876 1114 1964 publico
1139 1875 1210 1945 diei
1233 1875 1278 1944 tt)
1301 1879 1370 1943 oct.
1398 1873 1485 1942 1890
1517 1871 1630 1960 stipu-

138 2001 201 2068 lalo
226 2001 322 2069 inter
344 2005 540 2089 patronum
567 2000 721 2071 Centeni
746 2005 782 2070 et
797 2001 1027 2070 nominatum
1051 2000 1253 2089 parocbum
1278 1999 1463 2069 Donatum
1481 1995 1630 2080 Donati,

139 2126 250 2211 prouti
287 2124 494 2213 praetendit
528 2146 753 2196 oeconomus
778 2126 936 2194 Curatus
972 2123 1197 2194 Marcantoni
1221 2131 1258 2194 ct
1280 2124 1359 2194 eius
1390 2123 1561 2193 defensor
1585 2142 1627 2191 ex

140 2250 256 2336 officio,
280 2256 318 2320 et
340 2251 378 2320 in
402 2272 476 2340 quo
501 2250 693 2341 sequentia
713 2251 902 2339 leguntur:
929 2278 947 2314 e
967 2251 1194 2322 Finalmente
1218 2249 1245 2318 il
1267 2271 1339 2319 sac.
1362 2250 1403 2318 D.
1428 2249 1470 2318 D.
1495 2247 1630 2317 Donati

147 2373 206 2443 «si
220 2374 368 2465 obbliga
392 2375 535 2460 inoltre,
552 2377 650 2464 dopo
667 2396 787 2446 essere
810 2376 985 2445 investito
1008 2374 1045 2446 di
1069 2375 1158 2445 detti
1184 2373 1336 2444 benefici
1361 2373 1496 2457 riuniti,
1513 2372 1549 2442 di
1573 2392 1632 2460 pa-

148 2519 256 2588 <gare
279 2499 353 2569 alla
387 2499 602 2589 parroechia
626 2479 661 2568 di
687 2499 723 2570 S.
748 2499 867 2590 Agata
890 2521 912 2570 a
936 2500 1112 2570 Saccione
1148 2500 1308 2569 l'annua
1343 2497 1571 2588 prestazione
1595 2496 1631 2566 di

151 2625 212 2693 «L.
236 2625 309 2709 100,
333 2645 438 2694 come
473 2646 562 2713 pure
587 2625 618 2694 si
642 2623 790 2714 obbliga
812 2647 878 2713 per
901 2624 922 2693 l’
936 2623 1139 2694 officiatura
1173 2626 1336 2714 regolare
1360 2645 1425 2712 per
1448 2643 1571 2693 mezzo
1595 2622 1631 2690 di

151 2770 225 2818 «un
248 2749 474 2838 cappellano,
498 2750 522 2819 il
546 2756 642 2820 tutto
666 2771 769 2820 come
802 2772 920 2820 venne
955 2749 1116 2820 stabilito
1149 2749 1219 2820 alla
1251 2750 1477 2819 circostanze
1501 2748 1536 2817 di
1560 2747 1632 2817 riu·

152 2874 281 2944 ‹nione
312 2874 349 2943 di
373 2876 474 2945 detto
498 2874 677 2945 beneficio
713 2875 785 2944 alla
810 2875 982 2944 Pievania
1013 2875 1048 2946 di
1074 2875 1243 2964 Bagnoro
1261 2903 1291 2944 ».
1317 2874 1416 2944 Haec
1451 2873 1573 2958 verba,
1598 2879 1633 2942 et

150 2999 348 3084 praesertim
372 2997 513 3081 ultima,
537 3000 751 3070 relationem
768 2999 895 3070 dicunt
918 3001 965 3070 ad
989 3001 1176 3080 decretum
1200 2999 1419 3088 Episcopale
1444 2997 1515 3068 diei
1539 2997 1560 3066 3
1584 3000 1634 3067 lc·

149 3121 271 3192 bruarii
298 3124 394 3208 18702,
418 3145 502 3212 quo,
522 3125 620 3194 sacta
644 3124 830 3194 mantione
854 3125 899 3194 de
923 3124 1218 3213 incorporatione
1249 3122 1440 3212 paroeciae
1463 3122 1534 3192 loci
1559 3123 1635 3192 hlo-

151 3248 273 3318 nistero
296 3249 488 3337 paroeciae
522 3249 713 3338 plebanae,
738 3249 912 3319 statuitur
937 3255 977 3319 ut
1001 3247 1153 3319 dimidia
1186 3270 1273 3338 pars
1296 3247 1436 3318 reditus
1460 3269 1505 3318 ex
1529 3267 1636 3318 oeco-

150 3373 269 3442 nomiis
292 3373 553 3445 beneficiorum
573 3373 738 3458 (lantani,
756 3395 919 3463 congrua
942 3375 1045 3463 prius
1067 3375 1235 3463 portione
1255 3378 1410 3462 patrono
1434 3373 1634 3462 assignata,

151 3497 243 3567 cedat
258 3500 380 3569 lavore
404 3499 596 3588 paroeciae
614 3498 802 3583 Saccione,
819 3498 934 3569 altera
957 3500 1081 3569 favore
1105 3499 1360 3587 incorporatae
1383 3497 1573 3587 paroeciae
1590 3499 1635 3567 de

153 3619 345 3692 llonistero.
381 3623 451 3694 Hic
486 3627 695 3711 postremus
730 3621 880 3708 reditus
908 3627 996 3693 lunc
1030 3621 1208 3711 temporis
1231 3622 1270 3692 in
1293 3621 1426 3691 libellis
1461 3623 1535 3691 tere
1562 3621 1636 3705 100,

151 3751 268 3831 postea
288 3769 333 3817 ex
357 3746 534 3837 rescripto
559 3749 685 3836 Apost.
710 3768 742 3818 a.
767 3748 851 3817 1875
875 3747 1072 3818 distractus
1095 3746 1165 3818 fuit
1187 3747 1312 3816 lavore
1335 3745 1526 3835 paroeciae
1551 3747 1636 3816 Sac-

151 3869 260 3942 cione:
283 3878 319 3941 et
336 3872 387 3942 ita
403 3872 489 3942 huic
512 3874 721 3963 assignatae
747 3878 962 3944 manserunt
984 3874 1079 3943 duae
1103 3873 1311 3961 praedictae
1335 3878 1458 3961 partes
1475 3893 1520 3942 cx
1536 3893 1636 3960 prae-

150 3993 246 4066 dictis
267 3997 502 4068 oeconomiis.
526 3983 722 4068 Decretum
745 3998 990 4069 executoriale
1013 3999 1204 4068 Aretinum
1232 4004 1453 4088 postremam
1479 3998 1638 4088 assigna-

149 4119 275 4192 tionem
292 4125 330 4193 in
347 4144 530 4194 summam
547 4125 658 4194 fixam
675 4145 838 4196 annuam
856 4125 921 4194 100
936 4125 997 4194 lib.
1007 4123 1149 4195 censuit
1165 4130 1388 4209 convertere,
1403 4125 1470 4194 aed
1485 4144 1637 4194 erronee

150 4251 186 4314 et
204 4253 300 4318 extra
323 4247 459 4319 limites
494 4248 633 4338 accepti
658 4249 832 4320 mandati.
856 4250 992 4320 Verum
1027 4250 1211 4338 parochus
1235 4249 1273 4319 in
1295 4249 1483 4339 praedicto
1508 4249 1639 4319 instru-

151 4378 265 4443 mento
287 4394 369 4444 sese
401 4373 603 4463 obbligavit
625 4375 673 4444 ad
696 4374 796 4445 illam
819 4396 1001 4444 summam
1025 4375 1305 4463 persolvendam
1342 4375 1532 4463 paroeciae
1557 4374 1639 4444 Sac-

152 4493 256 4581 cione,
279 4497 387 4567 sicuti
422 4503 519 4568 esset
554 4498 732 4584 solvenda
756 4500 787 4570 si
811 4501 980 4588 paroecia
1004 4499 1202 4569 Monistero
1236 4504 1407 4587 separata
1440 4504 1581 4569 extaret
1604 4506 1641 4569 et

151 4639 219 4688 non
252 4621 608 4712 intercessissethp.
633 4624 861 4713 rescriptum.
898 4625 992 4714 Ergo
1017 4647 1062 4694 ex
1085 4625 1249 4713 praefato
1285 4624 1531 4694 instrumento
1568 4624 1639 4694 dici

152 4744 269 4832 nequit
291 4746 445 4817 inducta
467 4769 565 4816 nova
588 4747 774 4838 obligatio,
794 4769 888 4838 quae
905 4750 936 4819 si
953 4750 1075 4820 adhuc
1097 4771 1162 4838 per
1185 4750 1385 4820 absurdum
1410 4749 1541 4820 deduci
1557 4771 1641 4839 pos

152 4872 213 4952 sel,
234 4869 309 4958 ipsa
344 4892 420 4940 non
457 4871 686 4956 subsisteret,
709 4873 763 4942 uti
797 4874 953 4944 fundata
987 4875 1024 4943 in
1049 4876 1195 4945 decreto
1231 4877 1439 4945 executorio
1474 4875 1640 4945 nullitate

152 4988 333 5082 laboranti,
357 5018 426 5068 ceu
451 4996 543 5067 alias
566 4997 636 5067 fuit
660 5003 861 5069 ostensum.

247 5122 388 5208 Quibus
413 5123 587 5194 omnibus
611 5123 649 5194 in
672 5127 768 5194 lacto
793 5132 829 5195 et
852 5125 930 5195 iure
962 5125 1204 5196 consideratis
1228 5133 1264 5196 et
1287 5129 1415 5198 sedulo
1439 5129 1641 5217 perpensis

156 5240 275 5318 Christi
299 5249 450 5320 nomine
475 5249 656 5334 invocata,
677 5250 752 5319 Nos
775 5250 998 5338 infrascripti
1010 5250 1207 5322 Auditores
1232 5275 1297 5342 pro
1321 5253 1495 5322 tribunali
1519 5252 1643 5323 seden-

157 5371 214 5455 leS,
236 5372 400 5460 dicimus,
425 5375 656 5445 declaramus
681 5382 717 5446 et
741 5375 927 5446 definitive
951 5377 1220 5449 sententiamus
1242 5379 1540 5468 respondendum
1565 5401 1644 5467 pro·

158 5496 272 5579 positis
293 5501 436 5573 dubiis:
463 5501 519 5570 Ad
538 5500 596 5568 1⁰¹³
616 5501 805 5570 Provisum
827 5505 869 5570 ic
890 5507 938 5570 2.⁰
961 5501 1018 5570 Ad
1034 5502 1095 5570 tum
1111 5503 1331 5590 Affirmotive
1350 5524 1417 5573 seu
1434 5505 1547 5572 boam
1569 5525 1643 5572 ease
1674 5547 1677 5552 ι

197 5645 266 5698 aaa
282 5646 328 5692 va.
343 5645 386 5698 rv.
403 5657 428 5688 ιι.
443 5643 465 5688 a
481 5667 506 5676 -
522 5643 627 5689 rra-ca.
1575 5645 1590 5690 c
