4120 6284
152 446 269 510 Annas
293 441 344 508 lv.
370 473 384 492 ·
411 443 485 510 vot.
509 441 558 508 Ν.
721 443 785 510 Dte
808 445 845 510 31
876 443 1012 510 tannarii
1036 447 1135 511 tstz.
1497 445 1593 512 Num.
1616 449 1649 512 2.

151 689 446 951 lull
534 690 1268 955 ltttlttltlt
1349 691 1649 956 SlllllS

431 1151 978 1309 oouuuurnruuu
1012 1212 1365 1356 camorana

573 1703 795 1826 nom
843 1705 959 1826 Pu
1007 1705 1123 1827 Pr.
1169 1705 1232 1828 x

544 2138 834 2223 LITTERAE
863 2136 1263 2224 APOSTOLICAE

889 2407 920 2489 Ι.

158 2605 303 2654 seberto
329 2606 416 2654 Plau
442 2603 590 2655 butorus
615 2604 685 2655 PRO
709 2605 952 2656 COMMUNIONS
976 2605 1090 2656 Parus
1114 2604 1311 2655 PUSRORUM
1334 2605 1383 2654 Ab
1399 2603 1428 2656 S.
1444 2603 1592 2655 chanun
1606 2605 1653 2654 Du

251 2730 352 2781 Ultus
377 2731 415 2780 IN
440 2729 646 2780 Palatualem
662 2730 838 2795 omousia,
854 2729 929 2780 CUM
945 2729 1151 2780 secutura
1166 2728 1403 2780 asennaeum
1418 2730 1456 2779 IN
1473 2729 1653 2780 untvuaso

252 2854 455 2905 TSRRARUH
479 2853 584 2904 ORBE.

771 2993 880 3066 PIUS
905 2995 975 3064 PP.
999 2995 1042 3065 X.

256 3138 315 3207 Ad
338 3142 555 3227 perpetuam
586 3137 637 3208 rei
664 3137 889 3208 memoriam.
904 3179 948 3188 -
966 3137 1168 3209 Sublimem
1198 3138 1279 3208 Divi
1309 3139 1406 3209 Petri
1432 3140 1653 3211 Cathedram

160 3261 269 3332 h'obis
293 3260 472 3332 divinitus
499 3261 751 3332 obtinentibus
782 3261 820 3332 in
844 3261 968 3348 terrie,
992 3262 1040 3332 ob
1064 3261 1249 3352 singulare
1274 3264 1438 3334 studium
1466 3285 1540 3355 quo
1568 3285 1654 3355 erga

157 3385 435 3456 Sacramentum
471 3385 607 3456 amoris
644 3387 833 3471 ducimur,
868 3385 960 3456 nihil
996 3386 1186 3477 antiquius
1220 3391 1295 3472 est,
1326 3409 1439 3477 quam
1473 3394 1515 3459 ut
1549 3390 1654 3478 pueri

154 3511 318 3582 obsitum
341 3511 514 3600 periculis
544 3511 641 3582 vitae
665 3513 735 3583 iter
764 3511 1026 3601 suscipientes,
1050 3535 1143 3602 puro
1167 3515 1276 3584 corde
1307 3515 1355 3584 ad
1383 3515 1654 3586 Eucharisticas

155 3638 269 3725 dapes
294 3657 333 3706 se
358 3637 508 3722 sistant,
533 3637 576 3708 ac
605 3637 840 3725 tempestive,
864 3642 1064 3727 antequam
1096 3637 1223 3709 mundi
1260 3639 1388 3708 sordes
1422 3639 1653 3710 innocentiae

154 3762 347 3850 speculum
371 3762 556 3852 obtegant,
579 3763 672 3832 tanti
696 3761 859 3849 mysterii
883 3762 1000 3852 gratia
1016 3763 1238 3833 muniantur.
1256 3763 1336 3834 Hac
1349 3763 1511 3852 provida
1533 3769 1654 3835 mente

154 3886 200 3955 de
223 3891 345 3956 aetate
361 3885 671 3957 admittendorum
689 3887 736 3956 ad
751 3885 907 3975 primam
926 3886 1224 3957 communionem
1239 3886 1521 3958 eucharisticam
1537 3887 1655 3958 decre

153 4015 234 4080 tum
247 4009 442 4094 edidimus,
459 4012 559 4099 quod
575 4009 705 4099 incipit
720 4011 843 4082 verbis
862 4011 1015 4097 «Quam
1032 4011 1209 4101 singulari
1223 4039 1253 4097 »‚
1265 4018 1304 4083 et
1318 4033 1394 4082 non
1418 4011 1498 4083 sine
1523 4034 1656 4103 magna

154 4133 269 4202 animi
295 4133 417 4203 Nostri
448 4133 589 4203 laetitia
623 4134 869 4222 comperimus
898 4136 935 4204 in
967 4137 1036 4205 hac
1066 4135 1173 4205 Alma
1196 4134 1295 4205 Urbe
1327 4137 1374 4206 ad
1398 4135 1434 4206 S.
1459 4135 1602 4206 Claudii
1633 4157 1656 4206 a

154 4259 299 4330 Dilecto
322 4258 415 4328 Filio
440 4258 575 4329 Nostro
592 4259 776 4330 Cardinali
793 4259 935 4330 Vicario
960 4259 998 4329 in
1015 4259 1269 4348 spiritualibus
1287 4259 1455 4331 Generali
1480 4259 1655 4332 canonice

153 4386 313 4452 erectam
340 4381 453 4452 fuisse
477 4381 576 4471 piam
599 4381 787 4453 Unionem
814 4383 872 4453 cui
903 4383 1035 4453 titulus
1066 4404 1089 4452 a
1112 4383 1235 4452 Prima
1267 4383 1534 4454 Communione
1563 4385 1656 4454 Pue-

153 4528 292 4577 rorum.
319 4507 419 4576 Haec
443 4507 539 4576 enim
564 4507 662 4577 Unio
687 4507 901 4597 frugiferum
925 4509 973 4578 ad
997 4507 1107 4578 finem
1139 4507 1296 4578 intendit
1318 4513 1397 4577 tum
1428 4508 1655 4598 propagandi

154 4631 250 4702 inter
274 4632 432 4720 populos
448 4631 546 4702 illius
563 4623 706 4703 Decreti
722 4632 970 4723 cognitionem
988 4637 1024 4704 et
1040 4633 1327 4722 implementum,
1344 4636 1424 4703 tum
1439 4633 1656 4704 instituendi

155 4778 292 4846 pueros
316 4757 364 4827 ad
388 4778 553 4827 normam
578 4757 876 4846 superenunciati
900 4758 1055 4841 Decreti‚
1079 4764 1121 4828 ut
1144 4758 1211 4828 rite
1233 4757 1400 4828 instructi
1430 4764 1466 4828 et
1489 4757 1655 4846 apparati

155 4882 204 4951 ad
229 4882 381 4953 Sacram
406 4882 581 4970 Synaxim
597 4881 809 4970 primarios
826 4883 1015 4967 accedant,
1031 4903 1074 4952 ac
1084 4883 1245 4953 'durante
1262 4881 1418 4971 pueritia
1433 4881 1656 4972 Angelorum

157 5006 258 5077 Pano
286 5028 326 5077 se
353 5006 566 5095 frequenter
594 5005 770 5077 reficiant.
800 5007 905 5077 Nunc
936 5013 1060 5077 autern
1089 5027 1171 5078 cum
1203 5007 1405 5079 hodiernus
1437 5008 1657 5079 Procurator

157 5129 347 5202 Generalis
372 5129 677 5219 congregationis
701 5151 723 5200 a
747 5129 863 5201 SSmo
888 5129 1126 5202 Sacramento
1151 5131 1226 5201 Nos
1250 5130 1369 5202 enixis
1401 5131 1570 5220 precibus
1594 5133 1656 5203 lla·

156 5255 254 5346 gitet,
277 5261 320 5326 ut
342 5255 464 5344 ipsam
480 5253 579 5343 piam
595 5253 778 5326 Unionem
796 5256 844 5325 ad
861 5255 1060 5326 Primariae
1076 5255 1232 5345 gradum
1253 5277 1319 5344 pro
1335 5255 1506 5326 universo
1525 5254 1656 5325 Catho-

156 5379 224 5450 lico
249 5381 349 5452 Orbe
373 5379 529 5450 evehere
552 5379 598 5450 de
621 5378 846 5469 benignitate
871 5379 1004 5449 Nostra
1028 5378 1238 5469 dignemur3
1263 5377 1339 5449 Nos
1361 5385 1437 5448 tam
1463 5377 1657 5467 frugiferae

157 5501 349 5574 Societatis
373 5501 517 5590 coeptis
540 5502 636 5571 ultro
660 5501 889 5591 libenterque
913 5502 1090 5586 faventes,
1114 5507 1156 5571 ut
1179 5501 1350 5572 uberiora
1378 5501 1416 5571 in
1441 5501 1519 5571 dies
1544 5501 1659 5571 incre-

205 5651 280 5698 Am.
296 5647 346 5692 vol.
363 5644 405 5697 lv,
422 5657 446 5688 n.
460 5643 485 5688 Ω.
504 5667 527 5677 -
540 5644 647 5689 abacta.
1591 5617 1614 5686 a⁸
