4038 6274
722 511 753 566 S.
775 512 916 566 Romano
935 513 1024 568 Rota.
1571 511 1622 570 117

228 693 395 765 Obtento
420 701 541 766 autem
566 695 662 766 civili
687 697 855 782 divortio,
887 697 938 767 nil
970 699 1101 769 mirum
1134 701 1235 790 quod
1263 702 1407 772 Natalia
1430 724 1453 772 a
1476 702 1623 791 proprio

131 817 315 890 Advocato
339 821 486 908 petierit
508 842 582 910 qua
604 821 745 892 ratione
762 821 880 910 possit
896 823 1093 892 divortium
1109 825 1219 894 etiam
1240 825 1277 894 in
1293 831 1421 896 nostro
1437 827 1516 896 loro
1533 827 1624 896 obti-

132 943 213 1012 neri.
239 943 321 1013 Non
347 945 470 1015 solent
484 943 581 1016 enirn
602 945 784 1016 foeminae
809 967 963 1016 caussas
987 948 1184 1020 canonicas
1207 950 1520 1020 matrimoniorum
1546 950 1625 1020 nul-

131 1069 240 1138 litatis
265 1089 496 1159 cognoscere.
522 1071 568 1140 111
591 1073 797 1141 notandum
821 1073 932 1160 quod,
945 1080 1160 1143 enumerata
1186 1075 1234 1144 ab
1258 1075 1447 1146 Advocato
1478 1075 1625 1164 impedi-

131 1201 337 1264 mentorum
361 1195 465 1280 serie,
491 1195 614 1266 Actrix
638 1198 844 1286 reposuerit
868 1197 1141 1268 matrimonium
1170 1221 1279 1270 suurn
1307 1221 1387 1272 esse
1414 1202 1555 1270 nullum
1577 1201 1624 1270 ob

130 1319 200 1389 vim
225 1325 262 1390 et
286 1327 443 1390 metum:
468 1322 582 1409 probe
605 1322 729 1411 itaque
746 1329 899 1392 noverat
914 1344 954 1394 se
971 1323 1041 1393 sub
1057 1329 1177 1395 metus
1192 1325 1334 1395 influxu
1351 1325 1622 1397 matrimonium

131 1445 251 1532 ipsum
275 1447 512 1516 contraxisse.

232 1569 398 1641 Caeteris
421 1572 569 1641 omissis
592 1592 688 1661 quae
717 1571 766 1642 ad
790 1573 970 1643 Nataliam
1002 1575 1232 1660 referuntur,
1263 1576 1387 1664 quoad
1423 1575 1624 1645 theoricam

131 1714 200 1781 qua
237 1694 321 1794 duci
358 1695 438 1763 visa
479 1699 536 1764 est
579 1694 689 1765 Curia
723 1696 984 1785 Vcszprimien.
1020 1698 1057 1766 in
1089 1719 1164 1768 non
1199 1699 1435 1768 admittendis
1469 1699 1625 1768 testibus

132 1817 294 1906 cognatis
319 1823 356 1888 et
379 1819 664 1908 consanguineis
687 1821 735 1889 ob
760 1820 915 1890 nimium
939 1821 1117 1893 interesse
1141 1823 1279 1892 morale
1303 1823 1340 1892 in
1365 1845 1545 1909 caussam,
1563 1825 1626 1894 Pa·

131 1947 201 2010 tres
225 1944 521 2031 perpenderunt,
545 1943 744 2014 indubitati
780 1944 870 2014 iuris
894 1967 976 2016 esse
1000 1952 1036 2016 et
1060 1947 1285 2018 certissimae
1308 1948 1626 2037 iurisprudentiae,

131 2067 165 2135 in
188 2067 291 2137 hisce
316 2067 648 2138 matrimonialibus
671 2070 813 2140 caussis
837 2071 1131 2160 consanguineos
1159 2079 1196 2142 et
1218 2071 1415 2142 familiares
1431 2072 1574 2142 admitti
1590 2078 1626 2142 11

132 2191 328 2280 aliquando
352 2191 511 2295 testibus
546 2192 730 2262 extraneis
764 2193 959 2281 praeferri,
994 2195 1083 2283 quia
1116 2195 1212 2265 laeta
1247 2196 1449 2266 domestica
1479 2197 1526 2266 ab
1553 2195 1625 2266 illis

133 2318 261 2387 melius
286 2317 441 2388 coeteris
464 2318 636 2408 cognosci
661 2325 956 2407 praesumuntur.
982 2320 1056 2390 Sed
1079 2321 1110 2391 si
1133 2322 1255 2392 desint
1278 2323 1316 2392 in
1339 2344 1515 2411 processu
1536 2329 1626 2394 atte-

133 2441 308 2512 stationes
333 2443 702 2532 consanguineorum,
727 2443 818 2514 fides
843 2465 1039 2533 processus
1062 2467 1138 2516 non
1162 2451 1395 2532 extenuatur,
1424 2449 1624 2519 dummodo

134 2565 253 2634 adsint
276 2569 391 2635 testes
412 2565 575 2635 extranei
591 2565 663 2636 fide
680 2565 781 2656 digni
798 2573 834 2638 et
848 2567 1046 2653 informati,
1062 2575 1103 2639 ut
1118 2570 1239 2640 tenuit
1254 2571 1360 2656 Rota,
1377 2573 1414 2641 in
1430 2576 1533 2642 111111.
1549 2579 1625 2658 147,
1641 2625 1645 2638 .

136 2695 343 2776 141111.
367 2693 533 2774 1,·111111.
557 2697 635 2775 315,
659 2715 695 2760 n.
720 2698 869 2778 11111.
897 2697 932 2778 V,
957 2699 979 2764 1,
1004 2698 1626 2785 1,·111111.292,1ι.3,11111111.293,

135 2837 167 2882 a.
191 2823 221 2899 5,
243 2821 343 2902 port.
374 2817 465 2884 VIII.
489 2819 647 2886 11111111.
673 2823 806 2901 1111.
833 2823 885 2904 13,
906 2823 1005 2904 port.
1029 2822 1102 2889 VII.
1127 2823 1262 2891 Redeat.

233 2938 399 3027 Denique
423 2940 547 3028 quoad
571 2942 708 3010 lactum
733 2941 933 3032 denegatae
958 2933 1204 3016 attestationis
1227 2945 1295 3015 viri
1319 2947 1471 3038 eiusque
1495 2971 1626 3040 cogna-

137 3071 260 3148 torum,
285 3063 434 3133 Domini
458 3065 737 3135 considerarunt
759 3068 859 3155 quod
893 3067 931 3137 in
965 3070 1107 3138 ratione
1138 3069 1250 3155 iuris,
1277 3072 1487 3162 quicunque
1518 3074 1627 3144 fuerit

139 3207 254 3258 eorum
291 3189 461 3274 animus,
495 3189 691 3260 recolenda
725 3195 781 3260 est
818 3191 945 3279 regula
982 3192 1125 3281 «quod
1163 3195 1279 3284 magis
1318 3194 1366 3264 sit
1403 3197 1626 3268 credendum

142 3313 313 3384 «duobus
348 3315 506 3384 testibus
529 3315 575 3384 de
600 3321 699 3384 metu
734 3315 1016 3404 deponentibus
1048 3338 1159 3405 quam
1192 3319 1289 3388 mille
1325 3323 1545 3409 negantibus
1567 3323 1627 3392 vel

142 3438 418 3508 «asserentibus
442 3439 487 3509 de
511 3443 717 3527 spontanea
740 3439 975 3510 voluntate...
1000 3461 1085 3510 nam
1120 3441 1347 3530 deponentes
1378 3466 1488 3533 super
1518 3467 1627 3534 spon-

141 3568 286 3648 «111111,
310 3569 352 3634 ut
376 3563 427 3632 ita
449 3563 591 3652 loquar,
612 3564 811 3650 voluntate,
830 3564 1019 3654 deponunt
1043 3567 1087 3636 de
1111 3571 1196 3637 actu
1221 3569 1371 3638 mentali
1394 3577 1431 3639 et
1452 3570 1626 3643 invisibili

144 3689 230 3778 «qui
252 3689 322 3759 soli
347 3691 424 3759 Deo
448 3695 559 3759 notus
583 3694 660 3773 cst3
685 3688 746 3759 alii
773 3711 858 3760 vero
882 3691 1110 3779 deponentes
1134 3692 1179 3762 de
1204 3699 1313 3778 metu,
1338 3700 1559 3766 attestantur
1582 3699 1626 3767 de

143 3813 275 3883 «minis
307 3818 344 3883 et
374 3814 567 3883 tormentis
599 3821 635 3884 et
666 3813 870 3898 similibus,
901 3835 996 3904 quae
1027 3837 1141 3885 sensu
1172 3817 1334 3905 corporis
1365 3819 1627 3908 percipiuntur.

142 3965 157 3996 «
174 3937 271 4008 Hanc
295 3937 505 4026 opinionem
532 3938 728 4026 ampliabis
744 3959 864 4007 veram
891 3960 983 4023 esse,
1001 3939 1144 4010 etiamsi
1161 3941 1293 4011 unicus
1308 3943 1413 4012 testis
1429 3945 1626 4033 deponeret

143 4061 214 4130 «de
237 4067 349 4146 metu,
374 4062 462 4150 quia
485 4061 536 4130 illi
561 4061 678 4152 magis
703 4062 921 4146 crederetur,
946 4084 1058 4151 quam
1083 4064 1181 4134 mille
1205 4067 1425 4153 negantibus
1448 4067 1506 4138 vel
1522 4089 1629 4156 spon·

144 4190 313 4257 «teneam
350 4187 579 4256 voluntatem
615 4185 884 4256 affirmantibus
902 4211 943 4271 »3
979 4187 1030 4256 ita
1064 4188 1174 4257 tradit
1209 4190 1384 4260 Mascard.
1409 4193 1460 4260 Dc
1491 4197 1628 4278 probat.

142 4314 280 4380 conclus.
306 4317 396 4380 1057
408 4337 419 4394 ,·
444 4310 620 4394 Sanchez,
643 4312 695 4378 De
718 4315 875 4380 matrim.
903 4313 923 4380 1.
949 4319 980 4396 1,
1004 4315 1098 4399 dtep.
1121 4318 1185 4396 27;
1208 4320 1243 4383 et
1270 4314 1381 4406 huius
1418 4316 1453 4386 S.
1480 4317 1629 4388 Ordinis

143 4431 417 4523 iurisprudcntia
441 4435 563 4504 firmat
586 4440 627 4504 ut
659 4435 696 4504 in
728 4439 934 4521 (11111301,
960 4457 996 4504 1.
1020 4441 1075 4521 31,
1093 4443 1192 4522 part.
1216 4441 1275 4506 XI
1280 4465 1292 4522 ;
1319 4443 1423 4510 deco.
1447 4447 1523 4525 212,
1547 4465 1583 4511 1.
1607 4449 1629 4513 9

143 4561 170 4623 et
191 4567 238 4642 11,
256 4564 354 4646 part.
379 4561 475 4628 XIV.
500 4561 637 4628 Reoent.

235 4685 359 4774 Neque
385 4683 536 4754 assertis
559 4684 665 4754 factis
689 4684 799 4754 fidem
824 4705 906 4754 esse
931 4684 1185 4774 denegandam
1221 4694 1444 4757 censuerunt
1470 4689 1629 4776 Domini,

144 4808 298 4892 quamvis
333 4808 468 4897 aliquis
503 4829 548 4878 11
582 4807 740 4878 testibus
775 4807 845 4877 sibi
881 4809 1151 4894 contradixerit,
1175 4809 1228 4879 uti
1256 4811 1360 4880 testis
1384 4811 1542 4902 Wagner
1565 4814 1627 4903 qui

144 4931 220 5000 dum
244 4934 279 5003 in
303 4933 424 5022 primo
448 4954 626 5022 processu
651 4934 810 5004 asseruit
832 4940 974 5023 patrem
999 4933 1110 5004 filiam
1134 4957 1209 5004 non
1226 4937 1449 5022 verberasse,
1466 4960 1486 5008 e
1503 4945 1630 5010 contra

144 5053 177 5122 in
198 5064 379 5144 postrema
402 5057 633 5146 depositione
663 5058 734 5128 ait:
769 5059 881 5148 «Ego
914 5058 993 5147 ipse
1023 5059 1097 5129 vidi
1130 5059 1364 5131 Comitissam
1389 5083 1411 5131 a
1434 5068 1536 5150 patre
1561 5085 1628 5134 suo

144 5183 394 5254 «verberatam
421 5183 536 5253 fuisse
554 5205 595 5267 »3
620 5189 656 5253 et
679 5183 766 5253 hinc
789 5183 886 5253 idem
902 5184 1008 5254 testis
1024 5184 1192 5254 videatur
1215 5185 1409 5273 periurius.
1435 5186 1525 5255 Nam
1544 5185 1629 5256 alio·

143 5324 214 5374 rum
247 5307 475 5378 concordant
508 5307 764 5378 attestationes
799 5329 894 5396 quae
930 5319 1018 5378 sunt
1052 5309 1142 5378 satis
1177 5309 1456 5394 concludentes,
1484 5317 1520 5380 et
1551 5311 1628 5400 ipse

143 5426 286 5519 Wagner
322 5431 507 5502 rationem
546 5431 603 5502 sui
642 5433 894 5520 praecedentis
934 5431 1068 5502 silentii
1104 5434 1194 5503 satis
1229 5435 1457 5522 probabilem
1492 5435 1627 5520 reddit,

143 5551 318 5642 inquiens:
345 5559 454 5626 «Per
479 5577 518 5626 se
541 5563 642 5645 patet
665 5576 723 5627 me
746 5562 917 5646 respectu
938 5557 1066 5628 habito
1091 5558 1138 5627 ad
1162 5559 1362 5628 Dominum
1388 5559 1565 5630 Comitem
1591 5566 1627 5629 et
1651 5570 1654 5575 ’
