<?xml version="1.0" encoding="UTF-8"?>
<!DOCTYPE html PUBLIC "-//W3C//DTD XHTML 1.0 Transitional//EN"
    "http://www.w3.org/TR/xhtml1/DTD/xhtml1-transitional.dtd">
<html xmlns="http://www.w3.org/1999/xhtml" xml:lang="en" lang="en">
 <head>
  <title>
</title>
<meta http-equiv="Content-Type" content="text/html;charset=utf-8" />
  <meta name='ocr-system' content='tesseract 3.04.00' />
  <meta name='ocr-capabilities' content='ocr_page ocr_carea ocr_par ocr_line ocrx_word'/>
</head>
<body>
  <div class='ocr_page' id='page_1' title='image "actaapostolicae00citygoog_0042.png"; bbox 0 0 4120 6284; ppageno 0'>
   <div class='ocr_carea' id='block_1_1' title="bbox 766 471 1666 530">
    <p class='ocr_par' dir='ltr' id='par_1_1' title="bbox 766 471 1666 530">
     <span class='ocr_line' id='line_1_1' title="bbox 766 471 1666 530; baseline 0.002 -2"><span class='ocrx_word' id='word_1_1' title='bbox 766 471 798 528; x_wconf 77' lang='lat' dir='ltr'><strong>S.</strong></span> <span class='ocrx_word' id='word_1_2' title='bbox 818 473 958 530; x_wconf 74' lang='lat' dir='ltr'><strong>nomana</strong></span> <span class='ocrx_word' id='word_1_3' title='bbox 975 473 1062 528; x_wconf 72' lang='lat' dir='ltr'><strong>aaa.</strong></span> <span class='ocrx_word' id='word_1_4' title='bbox 1631 472 1666 530; x_wconf 85' lang='lat'><strong>37</strong></span> 
     </span>
    </p>
   </div>
   <div class='ocr_carea' id='block_1_2' title="bbox 164 657 1677 5622">
    <p class='ocr_par' dir='ltr' id='par_1_2' title="bbox 164 657 1668 1497">
     <span class='ocr_line' id='line_1_2' title="bbox 266 657 1664 749; baseline 0.004 -23"><span class='ocrx_word' id='word_1_5' title='bbox 266 657 319 726; x_wconf 84' lang='lat'><strong>13.</strong></span> <span class='ocrx_word' id='word_1_6' title='bbox 345 659 446 728; x_wconf 86' lang='lat' dir='ltr'><strong>Tum</strong></span> <span class='ocrx_word' id='word_1_7' title='bbox 463 659 572 749; x_wconf 86' lang='lat' dir='ltr'><strong>igitur</strong></span> <span class='ocrx_word' id='word_1_8' title='bbox 594 659 682 747; x_wconf 87' lang='lat' dir='ltr'><strong>quia</strong></span> <span class='ocrx_word' id='word_1_9' title='bbox 698 658 982 730; x_wconf 78' lang='lat' dir='ltr'><strong>instrumentum</strong></span> <span class='ocrx_word' id='word_1_10' title='bbox 1000 659 1195 730; x_wconf 81' lang='lat' dir='ltr'><strong>erectionis</strong></span> <span class='ocrx_word' id='word_1_11' title='bbox 1215 661 1354 731; x_wconf 92' lang='lat' dir='ltr'><strong>nullam</strong></span> <span class='ocrx_word' id='word_1_12' title='bbox 1372 663 1522 733; x_wconf 92' lang='lat' dir='ltr'><strong>omniuo</strong></span> <span class='ocrx_word' id='word_1_13' title='bbox 1539 684 1664 734; x_wconf 90' lang='lat' dir='ltr'><strong>curam</strong></span> 
     </span>
     <span class='ocr_line' id='line_1_3' title="bbox 165 781 1668 874; baseline 0.005 -24"><span class='ocrx_word' id='word_1_14' title='bbox 165 781 291 853; x_wconf 77' lang='lat' dir='ltr'><strong>tribuit</strong></span> <span class='ocrx_word' id='word_1_15' title='bbox 315 782 492 872; x_wconf 89' lang='lat' dir='ltr'><strong>Capitulo</strong></span> <span class='ocrx_word' id='word_1_16' title='bbox 514 805 581 855; x_wconf 90' lang='lat' dir='ltr'><strong>seu</strong></span> <span class='ocrx_word' id='word_1_17' title='bbox 605 784 784 874; x_wconf 91' lang='lat' dir='ltr'><strong>Collegio,</strong></span> <span class='ocrx_word' id='word_1_18' title='bbox 807 791 845 854; x_wconf 88' lang='lat' dir='ltr'><strong>et</strong></span> <span class='ocrx_word' id='word_1_19' title='bbox 866 791 1001 870; x_wconf 90' lang='lat' dir='ltr'><strong>tamen,</strong></span> <span class='ocrx_word' id='word_1_20' title='bbox 1025 789 1152 873; x_wconf 86' lang='lat' dir='ltr'><strong>utpote</strong></span> <span class='ocrx_word' id='word_1_21' title='bbox 1177 791 1262 857; x_wconf 89' lang='lat' dir='ltr'><strong>ante</strong></span> <span class='ocrx_word' id='word_1_22' title='bbox 1288 787 1491 859; x_wconf 87' lang='lat' dir='ltr'><strong>Concilium</strong></span> <span class='ocrx_word' id='word_1_23' title='bbox 1516 789 1668 859; x_wconf 82' lang='lat' dir='ltr'><strong>Triden-</strong></span> 
     </span>
     <span class='ocr_line' id='line_1_4' title="bbox 164 907 1666 1001; baseline 0.005 -25"><span class='ocrx_word' id='word_1_24' title='bbox 164 907 294 992; x_wconf 89' lang='lat' dir='ltr'><strong>tinum,</strong></span> <span class='ocrx_word' id='word_1_25' title='bbox 318 909 571 979; x_wconf 89' lang='lat' dir='ltr'><strong>omnimodam</strong></span> <span class='ocrx_word' id='word_1_26' title='bbox 587 914 624 979; x_wconf 94' lang='lat' dir='ltr'><strong>et</strong></span> <span class='ocrx_word' id='word_1_27' title='bbox 638 909 789 980; x_wconf 90' lang='lat' dir='ltr'><strong>totalem</strong></span> <span class='ocrx_word' id='word_1_28' title='bbox 807 930 932 980; x_wconf 90' lang='lat' dir='ltr'><strong>curam</strong></span> <span class='ocrx_word' id='word_1_29' title='bbox 952 909 1070 980; x_wconf 92' lang='lat' dir='ltr'><strong>eidem</strong></span> <span class='ocrx_word' id='word_1_30' title='bbox 1094 909 1255 982; x_wconf 89' lang='lat' dir='ltr'><strong>tribuere</strong></span> <span class='ocrx_word' id='word_1_31' title='bbox 1272 911 1441 1001; x_wconf 83' lang='lat' dir='ltr'><strong>equidem</strong></span> <span class='ocrx_word' id='word_1_32' title='bbox 1466 913 1666 1001; x_wconf 87' lang='lat' dir='ltr'><strong>potuisset;</strong></span> 
     </span>
     <span class='ocr_line' id='line_1_5' title="bbox 168 1032 1665 1124; baseline 0.005 -24"><span class='ocrx_word' id='word_1_33' title='bbox 168 1038 245 1101; x_wconf 92' lang='lat' dir='ltr'><strong>tum</strong></span> <span class='ocrx_word' id='word_1_34' title='bbox 279 1032 367 1120; x_wconf 93' lang='lat' dir='ltr'><strong>quia</strong></span> <span class='ocrx_word' id='word_1_35' title='bbox 402 1054 528 1103; x_wconf 89' lang='lat' dir='ltr'><strong>curam</strong></span> <span class='ocrx_word' id='word_1_36' title='bbox 552 1033 681 1102; x_wconf 87' lang='lat' dir='ltr'><strong>tribuit</strong></span> <span class='ocrx_word' id='word_1_37' title='bbox 704 1033 1095 1122; x_wconf 70' lang='lat' dir='ltr'><strong>archipresbyteratui,</strong></span> <span class='ocrx_word' id='word_1_38' title='bbox 1118 1039 1156 1104; x_wconf 89' lang='lat' dir='ltr'><strong>et</strong></span> <span class='ocrx_word' id='word_1_39' title='bbox 1178 1033 1481 1124; x_wconf 70' lang='lat' dir='ltr'><strong>archipresbyter</strong></span> <span class='ocrx_word' id='word_1_40' title='bbox 1509 1037 1560 1106; x_wconf 92' lang='lat' dir='ltr'><strong>ibi</strong></span> <span class='ocrx_word' id='word_1_41' title='bbox 1591 1059 1665 1107; x_wconf 92' lang='lat' dir='ltr'><strong>non</strong></span> 
     </span>
     <span class='ocr_line' id='line_1_6' title="bbox 167 1157 1667 1249; baseline 0.004 -23"><span class='ocrx_word' id='word_1_42' title='bbox 167 1161 222 1226; x_wconf 88' lang='lat' dir='ltr'><strong>est</strong></span> <span class='ocrx_word' id='word_1_43' title='bbox 237 1157 358 1244; x_wconf 90' lang='lat' dir='ltr'><strong>prima</strong></span> <span class='ocrx_word' id='word_1_44' title='bbox 381 1179 449 1229; x_wconf 86' lang='lat' dir='ltr'><strong>seu</strong></span> <span class='ocrx_word' id='word_1_45' title='bbox 471 1158 683 1248; x_wconf 92' lang='lat' dir='ltr'><strong>principalis</strong></span> <span class='ocrx_word' id='word_1_46' title='bbox 706 1159 875 1249; x_wconf 89' lang='lat' dir='ltr'><strong>dignitas,</strong></span> <span class='ocrx_word' id='word_1_47' title='bbox 892 1160 1186 1230; x_wconf 93' lang='lat' dir='ltr'><strong>concludendum</strong></span> <span class='ocrx_word' id='word_1_48' title='bbox 1211 1167 1267 1231; x_wconf 88' lang='lat' dir='ltr'><strong>est</strong></span> <span class='ocrx_word' id='word_1_49' title='bbox 1289 1161 1516 1233; x_wconf 78' lang='lat' dir='ltr'><strong>habitualem</strong></span> <span class='ocrx_word' id='word_1_50' title='bbox 1541 1183 1667 1234; x_wconf 87' lang='lat' dir='ltr'><strong>curam</strong></span> 
     </span>
     <span class='ocr_line' id='line_1_7' title="bbox 168 1280 1666 1376; baseline 0.004 -26"><span class='ocrx_word' id='word_1_51' title='bbox 168 1280 375 1352; x_wconf 86' lang='lat' dir='ltr'><strong>animarum</strong></span> <span class='ocrx_word' id='word_1_52' title='bbox 391 1304 467 1352; x_wconf 90' lang='lat' dir='ltr'><strong>non</strong></span> <span class='ocrx_word' id='word_1_53' title='bbox 484 1289 690 1372; x_wconf 82' lang='lat' dir='ltr'><strong>competere</strong></span> <span class='ocrx_word' id='word_1_54' title='bbox 704 1284 873 1373; x_wconf 89' lang='lat' dir='ltr'><strong>Capitulo</strong></span> <span class='ocrx_word' id='word_1_55' title='bbox 886 1284 1122 1370; x_wconf 89' lang='lat' dir='ltr'><strong>Salutiarum,</strong></span> <span class='ocrx_word' id='word_1_56' title='bbox 1138 1286 1204 1356; x_wconf 89' lang='lat' dir='ltr'><strong>sed</strong></span> <span class='ocrx_word' id='word_1_57' title='bbox 1220 1291 1424 1376; x_wconf 87' lang='lat' dir='ltr'><strong>utramque,</strong></span> <span class='ocrx_word' id='word_1_58' title='bbox 1441 1287 1666 1358; x_wconf 83' lang='lat' dir='ltr'><strong>habitualem</strong></span> 
     </span>
     <span class='ocr_line' id='line_1_8' title="bbox 167 1407 988 1497; baseline 0.002 -22"><span class='ocrx_word' id='word_1_59' title='bbox 167 1411 204 1476; x_wconf 88' lang='lat' dir='ltr'><strong>et</strong></span> <span class='ocrx_word' id='word_1_60' title='bbox 227 1407 420 1491; x_wconf 81' lang='lat' dir='ltr'><strong>actualem,</strong></span> <span class='ocrx_word' id='word_1_61' title='bbox 444 1409 626 1496; x_wconf 89' lang='lat' dir='ltr'><strong>pertinere</strong></span> <span class='ocrx_word' id='word_1_62' title='bbox 650 1409 988 1497; x_wconf 84' lang='lat' dir='ltr'><strong>Arcbipresbytero.</strong></span> 
     </span>
    </p>

    <p class='ocr_par' dir='ltr' id='par_1_3' title="bbox 168 1522 1667 1746">
     <span class='ocr_line' id='line_1_9' title="bbox 275 1522 1667 1625; baseline 0.004 -26"><span class='ocrx_word' id='word_1_63' title='bbox 275 1532 327 1600; x_wconf 78' lang='lat'><strong>14.</strong></span> <span class='ocrx_word' id='word_1_64' title='bbox 351 1532 448 1604; x_wconf 93' lang='lat' dir='ltr'><strong>Hinc</strong></span> <span class='ocrx_word' id='word_1_65' title='bbox 471 1533 596 1603; x_wconf 86' lang='lat' dir='ltr'><strong>statim</strong></span> <span class='ocrx_word' id='word_1_66' title='bbox 620 1522 773 1621; x_wconf 83' lang='lat' dir='ltr'><strong>apparet</strong></span> <span class='ocrx_word' id='word_1_67' title='bbox 795 1534 1036 1604; x_wconf 86' lang='lat' dir='ltr'><strong>fundamento</strong></span> <span class='ocrx_word' id='word_1_68' title='bbox 1068 1533 1265 1605; x_wconf 87' lang='lat' dir='ltr'><strong>destitutas</strong></span> <span class='ocrx_word' id='word_1_69' title='bbox 1296 1557 1378 1606; x_wconf 91' lang='lat' dir='ltr'><strong>esse</strong></span> <span class='ocrx_word' id='word_1_70' title='bbox 1401 1541 1457 1606; x_wconf 87' lang='lat' dir='ltr'><strong>tot</strong></span> <span class='ocrx_word' id='word_1_71' title='bbox 1479 1557 1667 1625; x_wconf 91' lang='lat' dir='ltr'><strong>praesum-</strong></span> 
     </span>
     <span class='ocr_line' id='line_1_10' title="bbox 168 1657 1666 1746; baseline 0.005 -22"><span class='ocrx_word' id='word_1_72' title='bbox 168 1657 314 1744; x_wconf 89' lang='lat' dir='ltr'><strong>ptiones</strong></span> <span class='ocrx_word' id='word_1_73' title='bbox 329 1663 367 1726; x_wconf 90' lang='lat' dir='ltr'><strong>et</strong></span> <span class='ocrx_word' id='word_1_74' title='bbox 382 1658 619 1729; x_wconf 82' lang='lat' dir='ltr'><strong>auctoritates</strong></span> <span class='ocrx_word' id='word_1_75' title='bbox 636 1657 674 1727; x_wconf 93' lang='lat' dir='ltr'><strong>in</strong></span> <span class='ocrx_word' id='word_1_76' title='bbox 690 1661 854 1728; x_wconf 84' lang='lat' dir='ltr'><strong>favorem</strong></span> <span class='ocrx_word' id='word_1_77' title='bbox 872 1657 1030 1746; x_wconf 88' lang='lat' dir='ltr'><strong>Capituli</strong></span> <span class='ocrx_word' id='word_1_78' title='bbox 1046 1660 1226 1730; x_wconf 89' lang='lat' dir='ltr'><strong>adductas</strong></span> <span class='ocrx_word' id='word_1_79' title='bbox 1242 1661 1290 1730; x_wconf 92' lang='lat' dir='ltr'><strong>ab</strong></span> <span class='ocrx_word' id='word_1_80' title='bbox 1306 1661 1470 1732; x_wconf 91' lang='lat' dir='ltr'><strong>eiusdem</strong></span> <span class='ocrx_word' id='word_1_81' title='bbox 1485 1661 1666 1732; x_wconf 81' lang='lat' dir='ltr'><strong>Patronis</strong></span> 
     </span>
    </p>

    <p class='ocr_par' dir='ltr' id='par_1_4' title="bbox 168 1781 1672 3120">
     <span class='ocr_line' id='line_1_11' title="bbox 273 1781 1668 1874; baseline 0.003 -22"><span class='ocrx_word' id='word_1_82' title='bbox 273 1783 415 1872; x_wconf 83' lang='lat' dir='ltr'><strong>Regula</strong></span> <span class='ocrx_word' id='word_1_83' title='bbox 437 1781 537 1852; x_wconf 91' lang='lat' dir='ltr'><strong>enim</strong></span> <span class='ocrx_word' id='word_1_84' title='bbox 560 1804 606 1853; x_wconf 84' lang='lat' dir='ltr'><strong>ex</strong></span> <span class='ocrx_word' id='word_1_85' title='bbox 629 1783 847 1872; x_wconf 87' lang='lat' dir='ltr'><strong>Pignatellio</strong></span> <span class='ocrx_word' id='word_1_86' title='bbox 864 1788 900 1853; x_wconf 90' lang='lat' dir='ltr'><strong>et</strong></span> <span class='ocrx_word' id='word_1_87' title='bbox 923 1783 1069 1853; x_wconf 90' lang='lat' dir='ltr'><strong>Pitonio</strong></span> <span class='ocrx_word' id='word_1_88' title='bbox 1093 1784 1204 1854; x_wconf 87' lang='lat' dir='ltr'><strong>allata</strong></span> <span class='ocrx_word' id='word_1_89' title='bbox 1226 1785 1327 1874; x_wconf 92' lang='lat' dir='ltr'><strong>quod</strong></span> <span class='ocrx_word' id='word_1_90' title='bbox 1351 1785 1389 1855; x_wconf 92' lang='lat' dir='ltr'><strong>in</strong></span> <span class='ocrx_word' id='word_1_91' title='bbox 1412 1786 1576 1857; x_wconf 87' lang='lat' dir='ltr'><strong>ecclesiis</strong></span> <span class='ocrx_word' id='word_1_92' title='bbox 1596 1787 1668 1857; x_wconf 92' lang='lat' dir='ltr'><strong>col-</strong></span> 
     </span>
     <span class='ocr_line' id='line_1_12' title="bbox 168 1906 1668 1998; baseline 0.005 -23"><span class='ocrx_word' id='word_1_93' title='bbox 168 1906 313 1996; x_wconf 88' lang='lat' dir='ltr'><strong>legiatis</strong></span> <span class='ocrx_word' id='word_1_94' title='bbox 336 1928 424 1977; x_wconf 91' lang='lat' dir='ltr'><strong>cura</strong></span> <span class='ocrx_word' id='word_1_95' title='bbox 446 1907 647 1978; x_wconf 84' lang='lat' dir='ltr'><strong>habitualis</strong></span> <span class='ocrx_word' id='word_1_96' title='bbox 671 1909 716 1979; x_wconf 94' lang='lat' dir='ltr'><strong>de</strong></span> <span class='ocrx_word' id='word_1_97' title='bbox 740 1909 819 1978; x_wconf 91' lang='lat' dir='ltr'><strong>iure</strong></span> <span class='ocrx_word' id='word_1_98' title='bbox 843 1913 985 1996; x_wconf 87' lang='lat' dir='ltr'><strong>spectat</strong></span> <span class='ocrx_word' id='word_1_99' title='bbox 1007 1909 1054 1978; x_wconf 92' lang='lat' dir='ltr'><strong>ad</strong></span> <span class='ocrx_word' id='word_1_100' title='bbox 1083 1909 1284 1998; x_wconf 88' lang='lat' dir='ltr'><strong>capitulum</strong></span> <span class='ocrx_word' id='word_1_101' title='bbox 1308 1915 1345 1981; x_wconf 90' lang='lat' dir='ltr'><strong>et</strong></span> <span class='ocrx_word' id='word_1_102' title='bbox 1368 1912 1487 1981; x_wconf 91' lang='lat' dir='ltr'><strong>solum</strong></span> <span class='ocrx_word' id='word_1_103' title='bbox 1513 1911 1668 1982; x_wconf 90' lang='lat' dir='ltr'><strong>actualis</strong></span> 
     </span>
     <span class='ocr_line' id='line_1_13' title="bbox 170 2032 1669 2125; baseline 0.005 -25"><span class='ocrx_word' id='word_1_104' title='bbox 170 2032 215 2100; x_wconf 89' lang='lat' dir='ltr'><strong>ab</strong></span> <span class='ocrx_word' id='word_1_105' title='bbox 255 2033 570 2106; x_wconf 82' lang='lat' dir='ltr'><strong>archibresbvtero</strong></span> <span class='ocrx_word' id='word_1_106' title='bbox 605 2039 794 2104; x_wconf 82' lang='lat' dir='ltr'><strong>exercetur</strong></span> <span class='ocrx_word' id='word_1_107' title='bbox 827 2033 884 2104; x_wconf 87' lang='lat' dir='ltr'><strong>vel</strong></span> <span class='ocrx_word' id='word_1_108' title='bbox 919 2039 977 2104; x_wconf 88' lang='lat' dir='ltr'><strong>est</strong></span> <span class='ocrx_word' id='word_1_109' title='bbox 1009 2039 1153 2104; x_wconf 85' lang='lat' dir='ltr'><strong>tantum</strong></span> <span class='ocrx_word' id='word_1_110' title='bbox 1191 2036 1372 2124; x_wconf 89' lang='lat' dir='ltr'><strong>quaedam</strong></span> <span class='ocrx_word' id='word_1_111' title='bbox 1406 2037 1669 2125; x_wconf 88' lang='lat' dir='ltr'><strong>praesumptio,</strong></span> 
     </span>
     <span class='ocr_line' id='line_1_14' title="bbox 170 2157 1671 2250; baseline 0.003 -24"><span class='ocrx_word' id='word_1_112' title='bbox 170 2157 509 2240; x_wconf 77' lang='lat' dir='ltr'><strong>scartant.‚1aaa.</strong></span> <span class='ocrx_word' id='word_1_113' title='bbox 528 2161 762 2244; x_wconf 67' lang='lat' dir='ltr'><strong>enacarat.</strong></span> <span class='ocrx_word' id='word_1_114' title='bbox 780 2162 845 2245; x_wconf 88' lang='grc' dir='ltr'><strong>ΙΠ,</strong></span> <span class='ocrx_word' id='word_1_115' title='bbox 866 2164 931 2231; x_wconf 80' lang='lat' dir='ltr'><strong>Tc.</strong></span> <span class='ocrx_word' id='word_1_116' title='bbox 947 2161 1012 2246; x_wconf 86' lang='grc' dir='ltr'><strong>ΠΙ,</strong></span> <span class='ocrx_word' id='word_1_117' title='bbox 1038 2184 1074 2231; x_wconf 83' lang='lat' dir='ltr'><strong>n.</strong></span> <span class='ocrx_word' id='word_1_118' title='bbox 1098 2167 1154 2246; x_wconf 87' lang='lat'><strong>32,</strong></span> <span class='ocrx_word' id='word_1_119' title='bbox 1178 2181 1273 2250; x_wconf 89' lang='lat' dir='ltr'><strong>quae</strong></span> <span class='ocrx_word' id='word_1_120' title='bbox 1297 2162 1425 2232; x_wconf 87' lang='lat' dir='ltr'><strong>cedere</strong></span> <span class='ocrx_word' id='word_1_121' title='bbox 1447 2162 1555 2232; x_wconf 91' lang='lat' dir='ltr'><strong>debet</strong></span> <span class='ocrx_word' id='word_1_122' title='bbox 1578 2162 1671 2232; x_wconf 84' lang='lat' dir='ltr'><strong>veri-</strong></span> 
     </span>
     <span class='ocr_line' id='line_1_15' title="bbox 168 2284 1668 2376; baseline 0.003 -23"><span class='ocrx_word' id='word_1_123' title='bbox 168 2284 252 2369; x_wconf 88' lang='lat' dir='ltr'><strong>tati,</strong></span> <span class='ocrx_word' id='word_1_124' title='bbox 276 2288 314 2353; x_wconf 93' lang='lat' dir='ltr'><strong>et</strong></span> <span class='ocrx_word' id='word_1_125' title='bbox 336 2304 412 2352; x_wconf 92' lang='lat' dir='ltr'><strong>nou</strong></span> <span class='ocrx_word' id='word_1_126' title='bbox 434 2284 547 2354; x_wconf 90' lang='lat' dir='ltr'><strong>habet</strong></span> <span class='ocrx_word' id='word_1_127' title='bbox 580 2285 703 2354; x_wconf 92' lang='lat' dir='ltr'><strong>locum</strong></span> <span class='ocrx_word' id='word_1_128' title='bbox 727 2285 791 2354; x_wconf 90' lang='lat' dir='ltr'><strong>ubi</strong></span> <span class='ocrx_word' id='word_1_129' title='bbox 822 2306 867 2356; x_wconf 82' lang='lat' dir='ltr'><strong>ex</strong></span> <span class='ocrx_word' id='word_1_130' title='bbox 891 2285 1121 2356; x_wconf 84' lang='lat' dir='ltr'><strong>fundationis</strong></span> <span class='ocrx_word' id='word_1_131' title='bbox 1156 2285 1260 2355; x_wconf 92' lang='lat' dir='ltr'><strong>initio</strong></span> <span class='ocrx_word' id='word_1_132' title='bbox 1295 2286 1518 2358; x_wconf 89' lang='lat' dir='ltr'><strong>contrarium</strong></span> <span class='ocrx_word' id='word_1_133' title='bbox 1544 2291 1668 2376; x_wconf 87' lang='lat' dir='ltr'><strong>aperte</strong></span> 
     </span>
     <span class='ocr_line' id='line_1_16' title="bbox 170 2409 1667 2500; baseline 0.002 -21"><span class='ocrx_word' id='word_1_134' title='bbox 170 2414 326 2493; x_wconf 78' lang='lat' dir='ltr'><strong>constat,</strong></span> <span class='ocrx_word' id='word_1_135' title='bbox 343 2409 520 2494; x_wconf 88' lang='lat' dir='ltr'><strong>Barbosa,</strong></span> <span class='ocrx_word' id='word_1_136' title='bbox 543 2413 610 2494; x_wconf 77' lang='lat' dir='ltr'><strong>cit,</strong></span> <span class='ocrx_word' id='word_1_137' title='bbox 625 2413 678 2478; x_wconf 83' lang='lat' dir='ltr'><strong>De</strong></span> <span class='ocrx_word' id='word_1_138' title='bbox 703 2411 880 2495; x_wconf 77' lang='lat' dir='ltr'><strong>Canania,</strong></span> <span class='ocrx_word' id='word_1_139' title='bbox 905 2411 964 2482; x_wconf 86' lang='lat' dir='ltr'><strong>vel</strong></span> <span class='ocrx_word' id='word_1_140' title='bbox 987 2409 1025 2480; x_wconf 92' lang='lat' dir='ltr'><strong>in</strong></span> <span class='ocrx_word' id='word_1_141' title='bbox 1049 2410 1170 2482; x_wconf 87' lang='lat' dir='ltr'><strong>allatis</strong></span> <span class='ocrx_word' id='word_1_142' title='bbox 1194 2411 1417 2482; x_wconf 88' lang='lat' dir='ltr'><strong>Doctoribus</strong></span> <span class='ocrx_word' id='word_1_143' title='bbox 1437 2412 1601 2500; x_wconf 86' lang='lat' dir='ltr'><strong>procedit</strong></span> <span class='ocrx_word' id='word_1_144' title='bbox 1622 2434 1667 2483; x_wconf 87' lang='lat' dir='ltr'><strong>ex</strong></span> 
     </span>
     <span class='ocr_line' id='line_1_17' title="bbox 171 2534 1670 2626; baseline 0.001 -22"><span class='ocrx_word' id='word_1_145' title='bbox 171 2534 363 2622; x_wconf 88' lang='lat' dir='ltr'><strong>eoquod,</strong></span> <span class='ocrx_word' id='word_1_146' title='bbox 393 2538 437 2603; x_wconf 92' lang='lat' dir='ltr'><strong>ut</strong></span> <span class='ocrx_word' id='word_1_147' title='bbox 462 2534 639 2620; x_wconf 87' lang='lat' dir='ltr'><strong>vidimus,</strong></span> <span class='ocrx_word' id='word_1_148' title='bbox 669 2534 961 2623; x_wconf 83' lang='lat' dir='ltr'><strong>archipresbyter</strong></span> <span class='ocrx_word' id='word_1_149' title='bbox 991 2540 1049 2605; x_wconf 90' lang='lat' dir='ltr'><strong>est</strong></span> <span class='ocrx_word' id='word_1_150' title='bbox 1078 2535 1132 2606; x_wconf 88' lang='lat' dir='ltr'><strong>uti</strong></span> <span class='ocrx_word' id='word_1_151' title='bbox 1159 2540 1267 2622; x_wconf 78' lang='lat' dir='ltr'><strong>capnt</strong></span> <span class='ocrx_word' id='word_1_152' title='bbox 1298 2539 1435 2624; x_wconf 64' lang='lat' dir='ltr'><strong>collegit</strong></span> <span class='ocrx_word' id='word_1_153' title='bbox 1483 2535 1670 2626; x_wconf 79' lang='lat' dir='ltr'><strong>Pignatel,</strong></span> 
     </span>
     <span class='ocr_line' id='line_1_18' title="bbox 169 2658 1671 2749; baseline 0.001 -21"><span class='ocrx_word' id='word_1_154' title='bbox 169 2663 224 2728; x_wconf 82' lang='lat' dir='ltr'><strong>cit.</strong></span> <span class='ocrx_word' id='word_1_155' title='bbox 248 2680 354 2741; x_wconf 82' lang='lat' dir='ltr'><strong>cona,</strong></span> <span class='ocrx_word' id='word_1_156' title='bbox 378 2666 454 2743; x_wconf 85' lang='lat'><strong>150,</strong></span> <span class='ocrx_word' id='word_1_157' title='bbox 479 2681 515 2728; x_wconf 78' lang='lat' dir='ltr'><strong>a.</strong></span> <span class='ocrx_word' id='word_1_158' title='bbox 530 2665 563 2744; x_wconf 87' lang='lat'><strong>3,</strong></span> <span class='ocrx_word' id='word_1_159' title='bbox 588 2665 644 2729; x_wconf 87' lang='lat' dir='ltr'><strong>est</strong></span> <span class='ocrx_word' id='word_1_160' title='bbox 666 2663 789 2744; x_wconf 71' lang='lat' dir='ltr'><strong>prmo</strong></span> <span class='ocrx_word' id='word_1_161' title='bbox 812 2658 982 2749; x_wconf 77' lang='lat' dir='ltr'><strong>dignitae,</strong></span> <span class='ocrx_word' id='word_1_162' title='bbox 1007 2659 1196 2748; x_wconf 86' lang='lat' dir='ltr'><strong>Pignatel,</strong></span> <span class='ocrx_word' id='word_1_163' title='bbox 1219 2664 1287 2745; x_wconf 80' lang='lat' dir='ltr'><strong>cit,</strong></span> <span class='ocrx_word' id='word_1_164' title='bbox 1309 2681 1402 2730; x_wconf 80' lang='lat' dir='ltr'><strong>cona.</strong></span> <span class='ocrx_word' id='word_1_165' title='bbox 1427 2665 1494 2731; x_wconf 88' lang='lat'><strong>169</strong></span> <span class='ocrx_word' id='word_1_166' title='bbox 1515 2665 1557 2728; x_wconf 82' lang='lat' dir='ltr'><strong>in</strong></span> <span class='ocrx_word' id='word_1_167' title='bbox 1580 2664 1671 2748; x_wconf 74' lang='lat' dir='ltr'><strong>sacti</strong></span> 
     </span>
     <span class='ocr_line' id='line_1_19' title="bbox 169 2783 1671 2873; baseline 0 -19"><span class='ocrx_word' id='word_1_168' title='bbox 169 2788 292 2869; x_wconf 75' lang='lat' dir='ltr'><strong>specie,</strong></span> <span class='ocrx_word' id='word_1_169' title='bbox 324 2805 391 2854; x_wconf 89' lang='lat' dir='ltr'><strong>seu</strong></span> <span class='ocrx_word' id='word_1_170' title='bbox 421 2783 633 2872; x_wconf 89' lang='lat' dir='ltr'><strong>principalis</strong></span> <span class='ocrx_word' id='word_1_171' title='bbox 664 2783 834 2872; x_wconf 79' lang='lat' dir='ltr'><strong>dignitas,</strong></span> <span class='ocrx_word' id='word_1_172' title='bbox 857 2785 913 2869; x_wconf 77' lang='lat' dir='ltr'><strong>ib,</strong></span> <span class='ocrx_word' id='word_1_173' title='bbox 939 2806 975 2852; x_wconf 82' lang='lat' dir='ltr'><strong>n.</strong></span> <span class='ocrx_word' id='word_1_174' title='bbox 998 2787 1040 2868; x_wconf 85' lang='lat'><strong>9;</strong></span> <span class='ocrx_word' id='word_1_175' title='bbox 1070 2805 1114 2855; x_wconf 84' lang='lat' dir='ltr'><strong>ex</strong></span> <span class='ocrx_word' id='word_1_176' title='bbox 1139 2805 1183 2854; x_wconf 94' lang='lat' dir='ltr'><strong>eo</strong></span> <span class='ocrx_word' id='word_1_177' title='bbox 1207 2803 1339 2873; x_wconf 91' lang='lat' dir='ltr'><strong>nempe</strong></span> <span class='ocrx_word' id='word_1_178' title='bbox 1364 2785 1466 2873; x_wconf 88' lang='lat' dir='ltr'><strong>quod</strong></span> <span class='ocrx_word' id='word_1_179' title='bbox 1488 2785 1671 2873; x_wconf 88' lang='lat' dir='ltr'><strong>archipre-</strong></span> 
     </span>
     <span class='ocr_line' id='line_1_20' title="bbox 171 2907 1672 2998; baseline 0.001 -20"><span class='ocrx_word' id='word_1_180' title='bbox 171 2911 294 2996; x_wconf 85' lang='lat' dir='ltr'><strong>sbyter</strong></span> <span class='ocrx_word' id='word_1_181' title='bbox 318 2909 356 2978; x_wconf 92' lang='lat' dir='ltr'><strong>in</strong></span> <span class='ocrx_word' id='word_1_182' title='bbox 380 2909 573 2998; x_wconf 82' lang='lat' dir='ltr'><strong>collegiata</strong></span> <span class='ocrx_word' id='word_1_183' title='bbox 595 2915 651 2979; x_wconf 88' lang='lat' dir='ltr'><strong>est</strong></span> <span class='ocrx_word' id='word_1_184' title='bbox 673 2908 727 2978; x_wconf 90' lang='lat' dir='ltr'><strong>uti</strong></span> <span class='ocrx_word' id='word_1_185' title='bbox 750 2911 859 2995; x_wconf 79' lang='lat' dir='ltr'><strong>caput</strong></span> <span class='ocrx_word' id='word_1_186' title='bbox 882 2911 1029 2995; x_wconf 75' lang='lat' dir='ltr'><strong>cellapii,</strong></span> <span class='ocrx_word' id='word_1_187' title='bbox 1053 2907 1117 2998; x_wconf 89' lang='lat' dir='ltr'><strong>qui</strong></span> <span class='ocrx_word' id='word_1_188' title='bbox 1147 2913 1385 2995; x_wconf 65' lang='lat' dir='ltr'><strong>remaneant</strong></span> <span class='ocrx_word' id='word_1_189' title='bbox 1412 2913 1503 2980; x_wconf 80' lang='lat' dir='ltr'><strong>cicae</strong></span> <span class='ocrx_word' id='word_1_190' title='bbox 1527 2914 1672 2980; x_wconf 72' lang='lat' dir='ltr'><strong>anaa-</strong></span> 
     </span>
     <span class='ocr_line' id='line_1_21' title="bbox 170 3034 671 3120; baseline -0.006 -15"><span class='ocrx_word' id='word_1_191' title='bbox 170 3039 302 3106; x_wconf 74' lang='lat' dir='ltr'><strong>arata</strong></span> <span class='ocrx_word' id='word_1_192' title='bbox 329 3034 460 3118; x_wconf 79' lang='lat' dir='ltr'><strong>Piton,</strong></span> <span class='ocrx_word' id='word_1_193' title='bbox 484 3037 552 3120; x_wconf 82' lang='lat' dir='ltr'><strong>cit,</strong></span> <span class='ocrx_word' id='word_1_194' title='bbox 578 3057 614 3104; x_wconf 84' lang='lat' dir='ltr'><strong>n.</strong></span> <span class='ocrx_word' id='word_1_195' title='bbox 638 3040 671 3103; x_wconf 80' lang='lat'><strong>4.</strong></span> 
     </span>
    </p>

    <p class='ocr_par' dir='ltr' id='par_1_5' title="bbox 170 3158 1673 3497">
     <span class='ocr_line' id='line_1_22' title="bbox 277 3158 1673 3248; baseline 0 -19"><span class='ocrx_word' id='word_1_196' title='bbox 277 3161 369 3229; x_wconf 84' lang='lat' dir='ltr'><strong>Tam</strong></span> <span class='ocrx_word' id='word_1_197' title='bbox 393 3180 541 3248; x_wconf 88' lang='lat' dir='ltr'><strong>quoque</strong></span> <span class='ocrx_word' id='word_1_198' title='bbox 565 3159 673 3248; x_wconf 86' lang='lat' dir='ltr'><strong>longe</strong></span> <span class='ocrx_word' id='word_1_199' title='bbox 697 3160 802 3229; x_wconf 87' lang='lat' dir='ltr'><strong>abest</strong></span> <span class='ocrx_word' id='word_1_200' title='bbox 824 3158 915 3247; x_wconf 89' lang='lat' dir='ltr'><strong>quin</strong></span> <span class='ocrx_word' id='word_1_201' title='bbox 939 3179 1052 3229; x_wconf 88' lang='lat' dir='ltr'><strong>causa</strong></span> <span class='ocrx_word' id='word_1_202' title='bbox 1074 3158 1132 3228; x_wconf 86' lang='lat' dir='ltr'><strong>vel</strong></span> <span class='ocrx_word' id='word_1_203' title='bbox 1155 3179 1265 3230; x_wconf 89' lang='lat' dir='ltr'><strong>casus</strong></span> <span class='ocrx_word' id='word_1_204' title='bbox 1289 3160 1544 3230; x_wconf 89' lang='lat' dir='ltr'><strong>consideratus</strong></span> <span class='ocrx_word' id='word_1_205' title='bbox 1568 3181 1591 3230; x_wconf 88' lang='lat' dir='ltr'><strong>a</strong></span> <span class='ocrx_word' id='word_1_206' title='bbox 1613 3160 1673 3231; x_wconf 91' lang='lat' dir='ltr'><strong>Pi·</strong></span> 
     </span>
     <span class='ocr_line' id='line_1_23' title="bbox 170 3283 1671 3374; baseline 0 -20"><span class='ocrx_word' id='word_1_207' title='bbox 170 3285 344 3374; x_wconf 87' lang='lat' dir='ltr'><strong>gnatello,</strong></span> <span class='ocrx_word' id='word_1_208' title='bbox 368 3287 513 3354; x_wconf 80' lang='lat' dir='ltr'><strong>consult.</strong></span> <span class='ocrx_word' id='word_1_209' title='bbox 536 3288 612 3368; x_wconf 66' lang='grc'>169,</span> <span class='ocrx_word' id='word_1_210' title='bbox 630 3283 679 3353; x_wconf 89' lang='lat' dir='ltr'><strong>sit</strong></span> <span class='ocrx_word' id='word_1_211' title='bbox 693 3287 822 3354; x_wconf 90' lang='lat' dir='ltr'><strong>nostro</strong></span> <span class='ocrx_word' id='word_1_212' title='bbox 846 3283 1052 3373; x_wconf 70' lang='lat' dir='ltr'><strong>persimilis</strong></span> <span class='ocrx_word' id='word_1_213' title='bbox 1070 3289 1112 3354; x_wconf 90' lang='lat' dir='ltr'><strong>ut</strong></span> <span class='ocrx_word' id='word_1_214' title='bbox 1125 3283 1251 3371; x_wconf 88' lang='lat' dir='ltr'><strong>potius</strong></span> <span class='ocrx_word' id='word_1_215' title='bbox 1271 3284 1329 3370; x_wconf 91' lang='lat' dir='ltr'><strong>sit,</strong></span> <span class='ocrx_word' id='word_1_216' title='bbox 1346 3285 1470 3374; x_wconf 90' lang='lat' dir='ltr'><strong>quoad</strong></span> <span class='ocrx_word' id='word_1_217' title='bbox 1492 3289 1671 3373; x_wconf 90' lang='lat' dir='ltr'><strong>punctum</strong></span> 
     </span>
     <span class='ocr_line' id='line_1_24' title="bbox 172 3407 610 3497; baseline 0.002 -20"><span class='ocrx_word' id='word_1_218' title='bbox 172 3408 273 3492; x_wconf 91' lang='lat' dir='ltr'><strong>iuris,</strong></span> <span class='ocrx_word' id='word_1_219' title='bbox 298 3409 408 3497; x_wconf 90' lang='lat' dir='ltr'><strong>plane</strong></span> <span class='ocrx_word' id='word_1_220' title='bbox 431 3407 610 3478; x_wconf 76' lang='lat' dir='ltr'><strong>diversus,</strong></span> 
     </span>
    </p>

    <p class='ocr_par' dir='ltr' id='par_1_6' title="bbox 173 3531 1673 4119">
     <span class='ocr_line' id='line_1_25' title="bbox 281 3531 1673 3622; baseline 0.001 -21"><span class='ocrx_word' id='word_1_221' title='bbox 281 3531 375 3601; x_wconf 91' lang='lat' dir='ltr'><strong>Hinc</strong></span> <span class='ocrx_word' id='word_1_222' title='bbox 398 3552 545 3620; x_wconf 88' lang='lat' dir='ltr'><strong>quoque</strong></span> <span class='ocrx_word' id='word_1_223' title='bbox 580 3531 783 3621; x_wconf 87' lang='lat' dir='ltr'><strong>explicatur</strong></span> <span class='ocrx_word' id='word_1_224' title='bbox 807 3552 872 3602; x_wconf 90' lang='lat' dir='ltr'><strong>cur</strong></span> <span class='ocrx_word' id='word_1_225' title='bbox 894 3531 1007 3602; x_wconf 89' lang='lat' dir='ltr'><strong>Sacra</strong></span> <span class='ocrx_word' id='word_1_226' title='bbox 1031 3531 1273 3622; x_wconf 78' lang='lat' dir='ltr'><strong>congregatio</strong></span> <span class='ocrx_word' id='word_1_227' title='bbox 1299 3532 1452 3603; x_wconf 91' lang='lat' dir='ltr'><strong>Concilii</strong></span> <span class='ocrx_word' id='word_1_228' title='bbox 1483 3532 1521 3602; x_wconf 93' lang='lat' dir='ltr'><strong>in</strong></span> <span class='ocrx_word' id='word_1_229' title='bbox 1548 3536 1673 3602; x_wconf 77' lang='lat' dir='ltr'><strong>Maca-</strong></span> 
     </span>
     <span class='ocr_line' id='line_1_26' title="bbox 173 3647 1673 3746; baseline 0 -18"><span class='ocrx_word' id='word_1_230' title='bbox 173 3663 274 3741; x_wconf 59' lang='grc' dir='ltr'><strong>νίκη,</strong></span> <span class='ocrx_word' id='word_1_231' title='bbox 298 3656 371 3727; x_wconf 92' lang='lat' dir='ltr'><strong>diei</strong></span> <span class='ocrx_word' id='word_1_232' title='bbox 397 3657 439 3726; x_wconf 69' lang='grc'><strong>11</strong></span> <span class='ocrx_word' id='word_1_233' title='bbox 463 3655 623 3727; x_wconf 88' lang='lat' dir='ltr'><strong>Ianuarii</strong></span> <span class='ocrx_word' id='word_1_234' title='bbox 649 3657 746 3742; x_wconf 73' lang='lat'><strong>1743,</strong></span> <span class='ocrx_word' id='word_1_235' title='bbox 770 3657 981 3741; x_wconf 90' lang='lat' dir='ltr'><strong>decreverit,</strong></span> <span class='ocrx_word' id='word_1_236' title='bbox 1005 3647 1171 3746; x_wconf 88' lang='lat' dir='ltr'><strong>spectare</strong></span> <span class='ocrx_word' id='word_1_237' title='bbox 1205 3678 1332 3728; x_wconf 92' lang='lat' dir='ltr'><strong>curam</strong></span> <span class='ocrx_word' id='word_1_238' title='bbox 1354 3657 1582 3729; x_wconf 85' lang='lat' dir='ltr'><strong>habitualem</strong></span> <span class='ocrx_word' id='word_1_239' title='bbox 1606 3659 1673 3729; x_wconf 90' lang='lat' dir='ltr'><strong>Ca·</strong></span> 
     </span>
     <span class='ocr_line' id='line_1_27' title="bbox 173 3780 1672 3871; baseline 0.001 -20"><span class='ocrx_word' id='word_1_240' title='bbox 173 3782 311 3870; x_wconf 83' lang='lat' dir='ltr'><strong>pitnl03</strong></span> <span class='ocrx_word' id='word_1_241' title='bbox 334 3801 421 3850; x_wconf 90' lang='lat' dir='ltr'><strong>nam</strong></span> <span class='ocrx_word' id='word_1_242' title='bbox 438 3780 489 3850; x_wconf 95' lang='lat' dir='ltr'><strong>ibi</strong></span> <span class='ocrx_word' id='word_1_243' title='bbox 512 3802 601 3852; x_wconf 91' lang='lat' dir='ltr'><strong>cura</strong></span> <span class='ocrx_word' id='word_1_244' title='bbox 623 3781 828 3851; x_wconf 93' lang='lat' dir='ltr'><strong>animarum</strong></span> <span class='ocrx_word' id='word_1_245' title='bbox 855 3781 1072 3852; x_wconf 88' lang='lat' dir='ltr'><strong>imminebat</strong></span> <span class='ocrx_word' id='word_1_246' title='bbox 1095 3810 1113 3845; x_wconf 83' lang='lat'><strong>«</strong></span> <span class='ocrx_word' id='word_1_247' title='bbox 1131 3781 1339 3852; x_wconf 87' lang='lat' dir='ltr'><strong>cantoratui</strong></span> <span class='ocrx_word' id='word_1_248' title='bbox 1361 3781 1425 3871; x_wconf 92' lang='lat' dir='ltr'><strong>qui</strong></span> <span class='ocrx_word' id='word_1_249' title='bbox 1449 3781 1672 3871; x_wconf 90' lang='lat' dir='ltr'><strong>principalis,</strong></span> 
     </span>
     <span class='ocr_line' id='line_1_28' title="bbox 175 3906 1673 3997; baseline 0.001 -21"><span class='ocrx_word' id='word_1_250' title='bbox 175 3937 192 3966; x_wconf 86' lang='grc'><strong>«</strong></span> <span class='ocrx_word' id='word_1_251' title='bbox 209 3913 246 3977; x_wconf 90' lang='lat' dir='ltr'><strong>et</strong></span> <span class='ocrx_word' id='word_1_252' title='bbox 270 3906 467 3978; x_wconf 90' lang='lat' dir='ltr'><strong>decanatui</strong></span> <span class='ocrx_word' id='word_1_253' title='bbox 492 3907 555 3995; x_wconf 88' lang='lat' dir='ltr'><strong>qui</strong></span> <span class='ocrx_word' id='word_1_254' title='bbox 583 3907 746 3977; x_wconf 89' lang='lat' dir='ltr'><strong>secunda</strong></span> <span class='ocrx_word' id='word_1_255' title='bbox 780 3907 940 3996; x_wconf 79' lang='lat' dir='ltr'><strong>dignitas</strong></span> <span class='ocrx_word' id='word_1_256' title='bbox 957 3934 975 3969; x_wconf 78' lang='lat'><strong>&gt;</strong></span> <span class='ocrx_word' id='word_1_257' title='bbox 1001 3907 1199 3992; x_wconf 84' lang='lat' dir='ltr'><strong>existebat;</strong></span> <span class='ocrx_word' id='word_1_258' title='bbox 1223 3928 1350 3978; x_wconf 92' lang='lat' dir='ltr'><strong>curam</strong></span> <span class='ocrx_word' id='word_1_259' title='bbox 1374 3906 1484 3997; x_wconf 92' lang='lat' dir='ltr'><strong>igitur</strong></span> <span class='ocrx_word' id='word_1_260' title='bbox 1506 3928 1673 3978; x_wconf 88' lang='lat' dir='ltr'><strong>exercere</strong></span> 
     </span>
     <span class='ocr_line' id='line_1_29' title="bbox 174 4031 849 4119; baseline -0.001 -16"><span class='ocrx_word' id='word_1_261' title='bbox 174 4038 215 4104; x_wconf 91' lang='lat' dir='ltr'><strong>ut</strong></span> <span class='ocrx_word' id='word_1_262' title='bbox 240 4033 386 4119; x_wconf 73' lang='lat' dir='ltr'><strong>Collegit</strong></span> <span class='ocrx_word' id='word_1_263' title='bbox 407 4037 516 4118; x_wconf 79' lang='lat' dir='ltr'><strong>capnt</strong></span> <span class='ocrx_word' id='word_1_264' title='bbox 538 4031 713 4102; x_wconf 91' lang='lat' dir='ltr'><strong>censendi</strong></span> <span class='ocrx_word' id='word_1_265' title='bbox 735 4038 849 4102; x_wconf 87' lang='lat' dir='ltr'><strong>erant.</strong></span> 
     </span>
    </p>

    <p class='ocr_par' dir='ltr' id='par_1_7' title="bbox 176 4155 1677 5622">
     <span class='ocr_line' id='line_1_30' title="bbox 282 4155 1675 4245; baseline -0.001 -19"><span class='ocrx_word' id='word_1_266' title='bbox 282 4159 333 4226; x_wconf 79' lang='lat'><strong>15.</strong></span> <span class='ocrx_word' id='word_1_267' title='bbox 360 4157 434 4227; x_wconf 93' lang='lat' dir='ltr'><strong>Nec</strong></span> <span class='ocrx_word' id='word_1_268' title='bbox 460 4157 593 4244; x_wconf 91' lang='lat' dir='ltr'><strong>probat</strong></span> <span class='ocrx_word' id='word_1_269' title='bbox 626 4162 755 4226; x_wconf 90' lang='lat' dir='ltr'><strong>contra</strong></span> <span class='ocrx_word' id='word_1_270' title='bbox 777 4156 1144 4245; x_wconf 68' lang='lat' dir='ltr'><strong>archipresbyterum</strong></span> <span class='ocrx_word' id='word_1_271' title='bbox 1179 4156 1380 4227; x_wconf 86' lang='lat' dir='ltr'><strong>auctoritas</strong></span> <span class='ocrx_word' id='word_1_272' title='bbox 1404 4157 1521 4226; x_wconf 88' lang='lat' dir='ltr'><strong>Rotae</strong></span> <span class='ocrx_word' id='word_1_273' title='bbox 1546 4155 1583 4224; x_wconf 93' lang='lat' dir='ltr'><strong>in</strong></span> <span class='ocrx_word' id='word_1_274' title='bbox 1613 4157 1675 4225; x_wconf 81' lang='lat' dir='ltr'><strong>Ro·</strong></span> 
     </span>
     <span class='ocr_line' id='line_1_31' title="bbox 176 4279 1675 4370; baseline -0.003 -18"><span class='ocrx_word' id='word_1_275' title='bbox 176 4283 495 4365; x_wconf 77' lang='lat' dir='ltr'><strong>mac-Vicoriaa,</strong></span> <span class='ocrx_word' id='word_1_276' title='bbox 515 4300 638 4350; x_wconf 89' lang='lat' dir='ltr'><strong>coram</strong></span> <span class='ocrx_word' id='word_1_277' title='bbox 656 4279 824 4365; x_wconf 92' lang='lat' dir='ltr'><strong>Coccino,</strong></span> <span class='ocrx_word' id='word_1_278' title='bbox 839 4284 907 4366; x_wconf 75' lang='lat' dir='ltr'><strong>cit,</strong></span> <span class='ocrx_word' id='word_1_279' title='bbox 933 4280 1038 4350; x_wconf 92' lang='lat' dir='ltr'><strong>cuius</strong></span> <span class='ocrx_word' id='word_1_280' title='bbox 1062 4279 1259 4351; x_wconf 91' lang='lat' dir='ltr'><strong>decisionis</strong></span> <span class='ocrx_word' id='word_1_281' title='bbox 1283 4280 1473 4351; x_wconf 88' lang='lat' dir='ltr'><strong>summarii</strong></span> <span class='ocrx_word' id='word_1_282' title='bbox 1495 4280 1675 4370; x_wconf 79' lang='lat' dir='ltr'><strong>fragmen-</strong></span> 
     </span>
     <span class='ocr_line' id='line_1_32' title="bbox 176 4403 1675 4494; baseline -0.001 -20"><span class='ocrx_word' id='word_1_283' title='bbox 176 4412 254 4476; x_wconf 88' lang='lat' dir='ltr'><strong>tum</strong></span> <span class='ocrx_word' id='word_1_284' title='bbox 277 4405 512 4474; x_wconf 89' lang='lat' dir='ltr'><strong>adducitura</strong></span> <span class='ocrx_word' id='word_1_285' title='bbox 530 4403 689 4492; x_wconf 90' lang='lat' dir='ltr'><strong>Capituli</strong></span> <span class='ocrx_word' id='word_1_286' title='bbox 706 4404 885 4474; x_wconf 75' lang='lat' dir='ltr'><strong>Patronis,</strong></span> <span class='ocrx_word' id='word_1_287' title='bbox 903 4404 995 4474; x_wconf 93' lang='lat' dir='ltr'><strong>Nam</strong></span> <span class='ocrx_word' id='word_1_288' title='bbox 1013 4404 1063 4474; x_wconf 94' lang='lat' dir='ltr'><strong>ibi</strong></span> <span class='ocrx_word' id='word_1_289' title='bbox 1088 4406 1125 4474; x_wconf 95' lang='lat' dir='ltr'><strong>in</strong></span> <span class='ocrx_word' id='word_1_290' title='bbox 1142 4424 1294 4494; x_wconf 89' lang='lat' dir='ltr'><strong>corpore</strong></span> <span class='ocrx_word' id='word_1_291' title='bbox 1310 4403 1517 4490; x_wconf 86' lang='lat' dir='ltr'><strong>decisionis,</strong></span> <span class='ocrx_word' id='word_1_292' title='bbox 1533 4425 1569 4474; x_wconf 80' lang='lat' dir='ltr'><strong>a.</strong></span> <span class='ocrx_word' id='word_1_293' title='bbox 1587 4409 1675 4474; x_wconf 87' lang='lat'><em>1-2:</em></span> 
     </span>
     <span class='ocr_line' id='line_1_33' title="bbox 178 4527 1674 4617; baseline 0.002 -23"><span class='ocrx_word' id='word_1_294' title='bbox 178 4527 363 4599; x_wconf 79' lang='lat' dir='ltr'><strong>«Domini</strong></span> <span class='ocrx_word' id='word_1_295' title='bbox 398 4535 623 4598; x_wconf 89' lang='lat' dir='ltr'><strong>censuerunt</strong></span> <span class='ocrx_word' id='word_1_296' title='bbox 645 4549 770 4598; x_wconf 88' lang='lat' dir='ltr'><strong>curam</strong></span> <span class='ocrx_word' id='word_1_297' title='bbox 806 4529 986 4599; x_wconf 88' lang='lat' dir='ltr'><strong>actualem</strong></span> <span class='ocrx_word' id='word_1_298' title='bbox 1011 4528 1263 4598; x_wconf 87' lang='lat' dir='ltr'><strong>omnimodam</strong></span> <span class='ocrx_word' id='word_1_299' title='bbox 1290 4549 1371 4599; x_wconf 90' lang='lat' dir='ltr'><strong>esse</strong></span> <span class='ocrx_word' id='word_1_300' title='bbox 1394 4549 1509 4617; x_wconf 89' lang='lat' dir='ltr'><strong>penes</strong></span> <span class='ocrx_word' id='word_1_301' title='bbox 1536 4527 1674 4598; x_wconf 94' lang='lat' dir='ltr'><strong>dictum</strong></span> 
     </span>
     <span class='ocr_line' id='line_1_34' title="bbox 178 4651 1675 4742; baseline 0.003 -25"><span class='ocrx_word' id='word_1_302' title='bbox 178 4684 196 4717; x_wconf 89' lang='lat'><strong>‹</strong></span> <span class='ocrx_word' id='word_1_303' title='bbox 211 4653 405 4733; x_wconf 86' lang='lat' dir='ltr'><strong>vicarium,</strong></span> <span class='ocrx_word' id='word_1_304' title='bbox 420 4652 648 4723; x_wconf 87' lang='lat' dir='ltr'><strong>habitualem</strong></span> <span class='ocrx_word' id='word_1_305' title='bbox 671 4674 758 4724; x_wconf 89' lang='lat' dir='ltr'><strong>vero</strong></span> <span class='ocrx_word' id='word_1_306' title='bbox 782 4674 897 4742; x_wconf 87' lang='lat' dir='ltr'><strong>penes</strong></span> <span class='ocrx_word' id='word_1_307' title='bbox 912 4653 1131 4741; x_wconf 84' lang='lat' dir='ltr'><strong>capitulum3</strong></span> <span class='ocrx_word' id='word_1_308' title='bbox 1156 4653 1250 4724; x_wconf 93' lang='lat' dir='ltr'><strong>ratio</strong></span> <span class='ocrx_word' id='word_1_309' title='bbox 1274 4653 1473 4726; x_wconf 89' lang='lat' dir='ltr'><strong>decisionis</strong></span> <span class='ocrx_word' id='word_1_310' title='bbox 1496 4652 1565 4723; x_wconf 86' lang='lat' dir='ltr'><strong>fuit</strong></span> <span class='ocrx_word' id='word_1_311' title='bbox 1588 4651 1675 4742; x_wconf 89' lang='lat' dir='ltr'><strong>quia</strong></span> 
     </span>
     <span class='ocr_line' id='line_1_35' title="bbox 179 4778 1676 4868; baseline 0.003 -26"><span class='ocrx_word' id='word_1_312' title='bbox 179 4809 196 4842; x_wconf 82' lang='grc'><strong>«</strong></span> <span class='ocrx_word' id='word_1_313' title='bbox 214 4785 356 4850; x_wconf 90' lang='lat' dir='ltr'><strong>certum</strong></span> <span class='ocrx_word' id='word_1_314' title='bbox 380 4782 437 4848; x_wconf 89' lang='lat' dir='ltr'><strong>est</strong></span> <span class='ocrx_word' id='word_1_315' title='bbox 459 4778 560 4868; x_wconf 89' lang='lat' dir='ltr'><strong>quod</strong></span> <span class='ocrx_word' id='word_1_316' title='bbox 593 4799 675 4847; x_wconf 81' lang='lat' dir='ltr'><strong>cum</strong></span> <span class='ocrx_word' id='word_1_317' title='bbox 696 4781 770 4848; x_wconf 79' lang='lat' dir='ltr'><strong>icto</strong></span> <span class='ocrx_word' id='word_1_318' title='bbox 792 4781 938 4848; x_wconf 77' lang='lat' dir='ltr'><strong>eccleaio</strong></span> <span class='ocrx_word' id='word_1_319' title='bbox 971 4781 1158 4865; x_wconf 82' lang='lat' dir='ltr'><strong>collepioto</strong></span> <span class='ocrx_word' id='word_1_320' title='bbox 1180 4781 1229 4848; x_wconf 82' lang='lat' dir='ltr'><strong>eit</strong></span> <span class='ocrx_word' id='word_1_321' title='bbox 1248 4781 1477 4866; x_wconf 68' lang='lat' dir='ltr'><strong>paramentis</strong></span> <span class='ocrx_word' id='word_1_322' title='bbox 1499 4782 1583 4846; x_wconf 81' lang='lat' dir='ltr'><strong>ante</strong></span> <span class='ocrx_word' id='word_1_323' title='bbox 1605 4799 1676 4846; x_wconf 73' lang='lat' dir='ltr'><strong>era</strong></span> 
     </span>
     <span class='ocr_line' id='line_1_36' title="bbox 180 4902 1676 4992; baseline 0.003 -26"><span class='ocrx_word' id='word_1_324' title='bbox 180 4934 196 4966; x_wconf 65' lang='lat' dir='ltr'><strong>a</strong></span> <span class='ocrx_word' id='word_1_325' title='bbox 212 4907 362 4974; x_wconf 62' lang='lat' dir='ltr'><strong>aaran</strong></span> <span class='ocrx_word' id='word_1_326' title='bbox 384 4905 473 4970; x_wconf 79' lang='lat' dir='ltr'><strong>dicti</strong></span> <span class='ocrx_word' id='word_1_327' title='bbox 487 4906 697 4986; x_wconf 70' lang='lat' dir='ltr'><strong>vicarietate,</strong></span> <span class='ocrx_word' id='word_1_328' title='bbox 711 4923 799 4972; x_wconf 92' lang='lat' dir='ltr'><strong>cura</strong></span> <span class='ocrx_word' id='word_1_329' title='bbox 822 4902 1008 4972; x_wconf 90' lang='lat' dir='ltr'><strong>residebat</strong></span> <span class='ocrx_word' id='word_1_330' title='bbox 1030 4923 1145 4990; x_wconf 90' lang='lat' dir='ltr'><strong>penes</strong></span> <span class='ocrx_word' id='word_1_331' title='bbox 1163 4902 1397 4992; x_wconf 91' lang='lat' dir='ltr'><strong>capitulum...</strong></span> <span class='ocrx_word' id='word_1_332' title='bbox 1422 4906 1459 4972; x_wconf 90' lang='lat' dir='ltr'><strong>et</strong></span> <span class='ocrx_word' id='word_1_333' title='bbox 1481 4906 1676 4990; x_wconf 91' lang='lat' dir='ltr'><strong>propterea</strong></span> 
     </span>
     <span class='ocr_line' id='line_1_37' title="bbox 181 5026 1677 5119; baseline 0.003 -27"><span class='ocrx_word' id='word_1_334' title='bbox 181 5030 318 5119; x_wconf 80' lang='lat' dir='ltr'><strong>«Papa</strong></span> <span class='ocrx_word' id='word_1_335' title='bbox 351 5031 517 5116; x_wconf 77' lang='lat' dir='ltr'><strong>eripeado</strong></span> <span class='ocrx_word' id='word_1_336' title='bbox 549 5032 728 5097; x_wconf 79' lang='lat' dir='ltr'><strong>vicariom</strong></span> <span class='ocrx_word' id='word_1_337' title='bbox 760 5032 973 5113; x_wconf 78' lang='lat' dir='ltr'><strong>perpetuam</strong></span> <span class='ocrx_word' id='word_1_338' title='bbox 997 5026 1094 5096; x_wconf 90' lang='lat' dir='ltr'><strong>etin</strong></span> <span class='ocrx_word' id='word_1_339' title='bbox 1118 5031 1297 5097; x_wconf 62' lang='lat' dir='ltr'><strong>mannam</strong></span> <span class='ocrx_word' id='word_1_340' title='bbox 1330 5026 1585 5097; x_wconf 84' lang='lat' dir='ltr'><strong>transferendo</strong></span> <span class='ocrx_word' id='word_1_341' title='bbox 1616 5047 1677 5096; x_wconf 93' lang='lat' dir='ltr'><strong>cu-</strong></span> 
     </span>
     <span class='ocr_line' id='line_1_38' title="bbox 181 5151 1676 5241; baseline -0.003 -17"><span class='ocrx_word' id='word_1_342' title='bbox 181 5184 198 5216; x_wconf 83' lang='lat'>«</span> <span class='ocrx_word' id='word_1_343' title='bbox 214 5176 302 5240; x_wconf 90' lang='lat' dir='ltr'><strong>ram,</strong></span> <span class='ocrx_word' id='word_1_344' title='bbox 325 5154 420 5226; x_wconf 92' lang='lat' dir='ltr'><strong>nihil</strong></span> <span class='ocrx_word' id='word_1_345' title='bbox 456 5153 557 5223; x_wconf 92' lang='lat' dir='ltr'><strong>aliud</strong></span> <span class='ocrx_word' id='word_1_346' title='bbox 580 5152 665 5223; x_wconf 87' lang='lat' dir='ltr'><strong>fecit</strong></span> <span class='ocrx_word' id='word_1_347' title='bbox 699 5173 812 5241; x_wconf 89' lang='lat' dir='ltr'><strong>quam</strong></span> <span class='ocrx_word' id='word_1_348' title='bbox 846 5152 1069 5223; x_wconf 87' lang='lat' dir='ltr'><strong>constituere</strong></span> <span class='ocrx_word' id='word_1_349' title='bbox 1100 5151 1203 5222; x_wconf 94' lang='lat' dir='ltr'><strong>illum</strong></span> <span class='ocrx_word' id='word_1_350' title='bbox 1239 5157 1323 5223; x_wconf 92' lang='lat' dir='ltr'><strong>actu</strong></span> <span class='ocrx_word' id='word_1_351' title='bbox 1355 5156 1531 5221; x_wconf 89' lang='lat' dir='ltr'><strong>rectorem</strong></span> <span class='ocrx_word' id='word_1_352' title='bbox 1568 5171 1676 5220; x_wconf 89' lang='lat' dir='ltr'><strong>curae</strong></span> 
     </span>
     <span class='ocr_line' id='line_1_39' title="bbox 182 5277 1677 5366; baseline -0.005 -16"><span class='ocrx_word' id='word_1_353' title='bbox 182 5281 434 5366; x_wconf 80' lang='lat' dir='ltr'><strong>«animarum,</strong></span> <span class='ocrx_word' id='word_1_354' title='bbox 459 5278 544 5348; x_wconf 91' lang='lat' dir='ltr'><strong>licet</strong></span> <span class='ocrx_word' id='word_1_355' title='bbox 566 5277 712 5366; x_wconf 91' lang='lat' dir='ltr'><strong>proprie</strong></span> <span class='ocrx_word' id='word_1_356' title='bbox 735 5299 811 5347; x_wconf 94' lang='lat' dir='ltr'><strong>non</strong></span> <span class='ocrx_word' id='word_1_357' title='bbox 835 5277 884 5346; x_wconf 90' lang='lat' dir='ltr'><strong>sit</strong></span> <span class='ocrx_word' id='word_1_358' title='bbox 906 5282 1025 5348; x_wconf 90' lang='lat' dir='ltr'><strong>rector</strong></span> <span class='ocrx_word' id='word_1_359' title='bbox 1048 5277 1256 5348; x_wconf 90' lang='lat' dir='ltr'><strong>ecclesiae...</strong></span> <span class='ocrx_word' id='word_1_360' title='bbox 1281 5277 1480 5347; x_wconf 86' lang='lat' dir='ltr'><strong>auferendo</strong></span> <span class='ocrx_word' id='word_1_361' title='bbox 1505 5297 1630 5346; x_wconf 88' lang='lat' dir='ltr'><strong>curam</strong></span> <span class='ocrx_word' id='word_1_362' title='bbox 1655 5295 1677 5343; x_wconf 93' lang='lat' dir='ltr'><strong>a</strong></span> 
     </span>
     <span class='ocr_line' id='line_1_40' title="bbox 182 5397 1676 5495; baseline -0.007 -20"><span class='ocrx_word' id='word_1_363' title='bbox 182 5405 406 5495; x_wconf 76' lang='lat' dir='ltr'><strong>«capitulo...</strong></span> <span class='ocrx_word' id='word_1_364' title='bbox 426 5401 536 5472; x_wconf 87' lang='lat' dir='ltr'><strong>firma</strong></span> <span class='ocrx_word' id='word_1_365' title='bbox 557 5407 682 5472; x_wconf 90' lang='lat' dir='ltr'><strong>tamen</strong></span> <span class='ocrx_word' id='word_1_366' title='bbox 709 5405 922 5471; x_wconf 89' lang='lat' dir='ltr'><strong>remanente</strong></span> <span class='ocrx_word' id='word_1_367' title='bbox 945 5420 1035 5470; x_wconf 91' lang='lat' dir='ltr'><strong>cura</strong></span> <span class='ocrx_word' id='word_1_368' title='bbox 1049 5398 1231 5470; x_wconf 92' lang='lat' dir='ltr'><strong>habituali</strong></span> <span class='ocrx_word' id='word_1_369' title='bbox 1254 5419 1369 5488; x_wconf 88' lang='lat' dir='ltr'><strong>penes</strong></span> <span class='ocrx_word' id='word_1_370' title='bbox 1392 5397 1627 5486; x_wconf 91' lang='lat' dir='ltr'><strong>capitulum...</strong></span> <span class='ocrx_word' id='word_1_371' title='bbox 1645 5422 1676 5466; x_wconf 81' lang='lat'><strong>».</strong></span> 
     </span>
     <span class='ocr_line' id='line_1_41' title="bbox 180 5516 1677 5622; baseline -0.009 -23"><span class='ocrx_word' id='word_1_372' title='bbox 180 5531 253 5602; x_wconf 83' lang='lat' dir='ltr'><strong>Non</strong></span> <span class='ocrx_word' id='word_1_373' title='bbox 277 5532 391 5622; x_wconf 91' lang='lat' dir='ltr'><strong>igitur</strong></span> <span class='ocrx_word' id='word_1_374' title='bbox 414 5549 462 5598; x_wconf 87' lang='lat' dir='ltr'><strong>ex</strong></span> <span class='ocrx_word' id='word_1_375' title='bbox 488 5525 629 5596; x_wconf 89' lang='lat' dir='ltr'><strong>ratione</strong></span> <span class='ocrx_word' id='word_1_376' title='bbox 657 5524 925 5614; x_wconf 86' lang='lat' dir='ltr'><strong>collegialitatis</strong></span> <span class='ocrx_word' id='word_1_377' title='bbox 948 5525 1044 5594; x_wconf 87' lang='lat' dir='ltr'><strong>Rota</strong></span> <span class='ocrx_word' id='word_1_378' title='bbox 1067 5523 1216 5595; x_wconf 89' lang='lat' dir='ltr'><strong>deducit</strong></span> <span class='ocrx_word' id='word_1_379' title='bbox 1239 5544 1365 5594; x_wconf 91' lang='lat' dir='ltr'><strong>curam</strong></span> <span class='ocrx_word' id='word_1_380' title='bbox 1388 5521 1616 5617; x_wconf 90' lang='lat' dir='ltr'><strong>habitualem</strong></span> <span class='ocrx_word' id='word_1_381' title='bbox 1638 5516 1677 5587; x_wconf 92' lang='lat' dir='ltr'><strong>in</strong></span> 
     </span>
    </p>
   </div>
   <div class='ocr_carea' id='block_1_3' title="bbox 0 0 2080 6276">
    <p class='ocr_par' dir='ltr' id='par_1_8' title="bbox 0 0 2080 6276">
     <span class='ocr_line' id='line_1_42' title="bbox 0 0 2080 6276; baseline 0 0"><span class='ocrx_word' id='word_1_382' title='bbox 0 0 2080 6276; x_wconf 95' lang='lat' dir='ltr'><strong> </strong></span> 
     </span>
    </p>
   </div>
  </div>
 </body>
</html>
