4120 6284
294 405 313 464 6
602 411 679 466 Acta
696 412 887 481 Apostolicac
905 412 1003 470 Sedis.
1023 442 1040 452 -
1061 413 1317 470 commentarium
1341 417 1482 484 officials.

406 595 449 678 N
452 623 539 680 unc
564 623 681 698 ver0,
709 624 852 708 quum
877 597 1058 682 licuerit
1085 600 1338 684 Vicariatui
1366 602 1532 687 Nostro
1559 604 1788 715 propriam

297 717 450 801 sedem
484 718 534 801 in
570 719 706 820 Urbe,
730 747 920 831 eamque
955 722 1101 806 multo
1138 726 1482 810 commodiorem
1506 728 1788 838 ampliorem-

217 879 222 888 ·
293 868 383 951 que
405 843 666 944 attribuere,
691 846 910 955 propositi
933 846 1090 931 Nostri
1112 847 1161 931 in
1182 876 1277 932 rem
1301 850 1553 935 deducendi
1576 861 1787 965 opportu-

294 990 403 1047 num
418 973 599 1076 tempus
616 969 852 1052 advenisse
866 969 1178 1054 iudicavimus.
1198 972 1484 1087 Quapropter
1497 978 1632 1061 rebus
1648 979 1787 1061 omni-

292 1088 378 1171 bus
402 1096 585 1173 matura
608 1090 932 1176 deliberatione
956 1096 1201 1206 perpensio,
1227 1097 1490 1208 Apostolica
1511 1103 1787 1187 ¹auctoritate

293 1210 461 1294 Nostra
485 1239 679 1324 eaquae
704 1225 957 1325 sequuntur
981 1219 1302 1305 constituimus
1328 1230 1466 1334 atquc
1491 1226 1784 1310 decernimus.

401 1481 433 1552 1.
461 1477 613 1554 Νο1111
639 1478 889 1556 dioecesana
915 1479 1042 1557 Urbis
1070 1481 1208 1572 Curia,
1237 1506 1311 1560 seu
1339 1485 1591 1580 vicariatus,
1619 1490 1665 1567 in
1692 1514 1788 1591 qua·

293 1605 389 1678 tuor
409 1601 546 1678 officia
568 1602 832 1702 dispertitur:
856 1604 891 1678 I⁰
910 1606 962 1679 dc
983 1606 1130 1681 divino
1152 1611 1271 1683 calta
1293 1618 1333 1683 ct
1354 1611 1599 1689 visitatione
1620 1625 1785 1715 aposto-

292 1729 386 1817 lica,
403 1729 462 1803 11⁰
478 1730 530 1803 dc
548 1728 648 1802 cieri
666 1737 707 1802 et
723 1729 947 1804 christiani
959 1731 1109 1829 papati
1125 1733 1363 1832 disciplina,
1381 1737 1463 1810 ΠΡ
1480 1739 1532 1813 dc
1550 1738 1786 1817 iudiciariis

293 1854 484 1953 negotiis,
505 1855 580 1930 IV⁰
595 1856 647 1929 de
667 1856 935 1930 oeconomica
955 1856 1336 1935 administratione.

397 1983 433 2056 2.
456 1979 663 2056 Omnibus
685 1979 800 2056 hisce
822 1979 965 2056 officiis
987 1981 1199 2080 praesidet
1223 1982 1473 2076 Cardinalis,
1497 1987 1572 2085 qui
1594 1989 1790 2067 Vicarius

294 2107 442 2183 Noster
456 2104 665 2206 generalis
680 2104 725 2180 in
740 2105 853 2181 Urbe
868 2108 945 2182 111.
963 2105 1150 2206 Eiusque
1167 2129 1325 2186 munus
1340 2111 1382 2187 et
1398 2113 1642 2203 auctoritas,
1662 2129 1788 2213 prout

300 2255 413 2309 nunc
434 2233 605 2321 obtinet,
628 2235 832 2331 perpetua
852 2234 927 2321 est,
949 2253 1026 2308 nec
1046 2236 1182 2310 cessat
1202 2237 1380 2311 vacante
1403 2235 1508 2315 Sede
1529 2241 1785 2337 Apostolica.

296 2485 440 2563 11111111
461 2483 645 2584 praeerit
665 2485 889 2562 Praelatus
930 2507 955 2562 a
996 2485 1170 2563 Summo
1192 2487 1397 2565 Pontifico
1439 2487 1671 2590 eligendus,
1714 2491 1784 2566 cui

296 2631 442 2686 omnes
465 2609 539 2708 qui
561 2609 607 2684 in
629 2607 776 2685 eodem
800 2608 931 2684 officio
955 2611 1056 2686 sunt
1079 2610 1322 2688 administri
1345 2610 1504 2688 directo
1529 2615 1572 2690 11
1594 2614 1785 2711 proxime

291 2727 531 2808 suberunt..

400 2851 545 2926 Primo
563 2852 694 2928 officio
712 2853 894 2952 praeerit
912 2852 1239 2931 commissarios
1257 2878 1332 2955 pro
1350 2857 1474 2933 rebus
1492 2858 1630 2934 divini
1647 2860 1786 2936 cultus

293 2977 335 3050 et
355 2996 431 3072 pro
451 2975 705 3055 Visitatione
726 2979 957 3079 apostolica
977 2981 1022 3056 in
1044 2981 1170 3070 Urbe,
1194 2982 1317 3059 alteri
1338 2985 1545 3059 Adsessor
1565 3005 1640 3082 pro
1661 2985 1787 3061 rebus

291 3099 650 3201 disciplinaribus,
668 3105 792 3182 tertio
806 3106 992 3182 Auditor
1005 3130 1080 3207 pro
1093 3109 1219 3186 rebus
1232 3108 1482 3200 iudiciariis,
1500 3112 1652 3209 quarto
1663 3114 1787 3186 Prae-

292 3230 430 3325 fectus
461 3231 838 3307 administrationi.
873 3233 964 3328 Quo
996 3234 1125 3310 etiam
1157 3233 1318 3323 ordine,
1353 3235 1516 3312 ratione
1549 3234 1783 3336 dignitatis,

295 3355 452 3455 singuli
472 3356 657 3434 Praelati
672 3357 783 3434 inter
802 3381 844 3435 se
864 3360 1127 3458 praecedent.

393 3483 430 3558 4.
445 3482 593 3559 Officia
606 3505 714 3582 quae
728 3485 852 3560 modo
864 3485 1075 3561 habentur
1088 3484 1409 3586 Vicesgerentis‚
1425 3487 1783 3576 Locumtenentia

294 3607 516 3684 Secretarii
535 3611 577 3684 et
595 3608 818 3686 Auditoris
838 3608 1079 3687 Vinariatus
1101 3611 1407 3710 supprimimus
1427 3615 1468 3688 et
1489 3612 1533 3688 vi
1554 3613 1788 3710 praesentis

294 3733 620 3811 Constitutionis
639 3755 866 3833 suppressa
884 3734 1161 3812 declaramus.
1182 3735 1283 3812 Iura
1301 3758 1400 3812 vero
1419 3739 1461 3812 et
1480 3735 1629 3814 munia
1644 3735 1788 3814 11111111

294 3882 403 3958 quae
422 3861 477 3936 ad
495 3860 645 3936 eadem
664 3859 801 3936 officia
821 3881 1087 3959 quocumque
1107 3860 1231 3936 titulo
1250 3860 1532 3959 pertinebant,
1556 3861 1787 3960 respective

295 4007 371 4083 pro
395 3986 551 4061 natura
576 3983 735 4084 negotii
759 3987 801 4061 11
821 3983 943 4061 iuxta
968 3984 1171 4061 terminos
1197 3984 1242 4060 in
1268 3985 1349 4061 hac
1375 3983 1675 4063 constitutione
1704 3985 1785 4062 sta-

294 4113 409 4187 tutos
431 4110 661 4187 tribuimus
683 4111 724 4186 et
746 4108 1015 4209 assignamus
1038 4111 1221 4208 quatuor
1243 4109 1489 4186 memoratis
1513 4109 1733 4186 Praelatis.

396 4237 604 4312 Volumus
624 4237 768 4311 autem
788 4256 837 4310 ac
858 4232 1124 4310 decernimus
1144 4235 1192 4309 ut
1212 4233 1467 4310 venerabilis
1488 4233 1618 4310 irater
1640 4233 1789 4310 Noster

293 4362 500 4461 Iosephus
515 4359 745 4460 Coppetelli
764 4359 1013 4436 Patriaroha
1031 4359 1541 4457 Constantinopolitanus,
1563 4357 1633 4435 cui
1652 4357 1787 4436 officio

300 4490 436 4589 primo
470 4508 660 4587 praeesse
693 4488 734 4562 et
769 4508 925 4560 munus
960 4486 1250 4562 Commissarii
1283 4485 1579 4576 adtritumue,
1615 4487 1787 4564 honoris

298 4638 437 4703 causa,
453 4636 607 4690 nomen
629 4612 939 4711 Viccspcrcntis,
955 4613 1043 4712 ipse
1058 4614 1238 4700 tantum,
1254 4611 1435 4689 durante
1449 4635 1623 4689 munere
1638 4617 1786 4690 servet.

398 4745 430 4816 5.
449 4740 718 4840 Quamquam
734 4739 904 4838 singula
919 4737 1052 4814 officia
1069 4739 1111 4814 et
1127 4736 1201 4837 qui
1218 4738 1279 4814 111
1296 4739 1509 4838 praesunt,
1528 4738 1790 4815 coniunctim

296 4875 338 4942 et
354 4865 490 4941 amico
506 4863 672 4941 foedere
687 4862 910 4963 procedere
927 4863 1119 4951 debeant,
1138 4885 1221 4962 quo
1238 4862 1390 4940 melius
1408 4861 1536 4939 finem
1553 4884 1691 4952 suum,
1710 4863 1788 4938 hoc

298 4992 361 5066 111
373 4989 565 5064 divinam
578 4987 756 5086 gloriam
770 4990 811 5063 et
824 4987 970 5086 populi
984 4987 1176 5074 salutem,
1191 4986 1356 5063 collatis
1369 4987 1544 5075 viribus,
1559 5009 1786 5086 assequan-

296 5116 376 5202 tur,
396 5136 520 5191 nemo
540 5116 696 5203 tamen,
718 5114 798 5192 etsi
817 5112 964 5190 ordino
984 5114 1026 5190 et
1044 5113 1182 5213 gradu
1202 5111 1380 5211 dignior,
1401 5112 1447 5188 in
1468 5112 1643 5189 alterius
1664 5112 1787 5188 officii

296 5237 477 5337 negotiis
499 5259 543 5314 so
565 5237 814 5326 immisceat,
839 5236 970 5314 salvis
991 5239 1136 5314 tamen
1159 5236 1211 5312 iis
1234 5257 1343 5336 quae
1366 5235 1478 5312 circa
1502 5258 1591 5312 rem
1614 5255 1785 5311 oecono-

292 5362 447 5438 micam
465 5361 510 5436 in
533 5380 621 5458 cap.
644 5363 667 5436 I
676 5363 707 5436 V
729 5360 858 5438 huius
878 5360 983 5461 legis
1004 5360 1265 5459 praescripta
1287 5361 1400 5435 sunt.
