4120 6284
387 433 426 489 90
698 436 775 492 Acta
794 437 983 504 Apostoltcac
1003 437 1098 492 Sedis.
1120 471 1136 480 -
1157 437 1416 492 Commentarium
1438 437 1579 505 officiale.

387 619 466 689 iure
490 619 652 708 optionis
679 620 758 708 ipse
781 622 940 710 gaudere
965 621 1091 710 possit.
1118 621 1297 708 Quamvis
1320 622 1505 710 quaelibet
1528 621 1685 692 formido
1708 621 1753 690 de
1778 641 1886 709 oppo-

386 744 459 814 sito
482 744 583 814 haud
610 746 741 815 abesse
765 745 952 830 videatur3
977 747 1053 814 RR.
1079 747 1154 816 DD.
1180 746 1250 816 ΡΡ.
1275 745 1500 816 sufficienter
1533 745 1777 815 demonstrari
1808 765 1887 814 cen·

387 873 541 937 suerunt
558 868 783 939 CanonIoum
802 867 937 938 Mifsud
960 869 1038 939 iure
1062 869 1224 959 optionis
1240 871 1277 939 iu
1295 891 1385 940 casu
1408 870 1567 959 gaudere
1591 890 1711 958 posse.
1732 869 1774 938 ln
1791 872 1888 937 ante-

386 1013 532 1063 cessum
555 999 679 1063 tamen
694 994 794 1063 venit
816 994 1035 1064 resolvenda
1058 994 1266 1078 difficultas,
1283 1017 1394 1084 quam
1419 995 1545 1066 obiicit
1567 999 1746 1083 patronus
1773 993 1887 1083 partis

387 1118 573 1202 adversae,
597 1118 734 1188 scilicet
758 1117 987 1188 Canopicum
1012 1119 1147 1189 Mifsud
1170 1119 1359 1207 possidere
1383 1119 1653 1208 praebendam,
1677 1139 1772 1207 quae
1803 1122 1888 1207 post

387 1242 661 1312 concessionem
685 1242 863 1332 privilegii
881 1247 1001 1313 erecta
1016 1243 1102 1328 Iuit3
1126 1245 1280 1332 proinde
1298 1245 1425 1315 eodem
1443 1245 1513 1314 frui
1529 1243 1604 1313 non
1624 1247 1762 1331 potest:
1786 1242 1887 1330 quod

386 1367 536 1456 agnovit
566 1367 644 1455 ipse
669 1367 878 1438 Canonicus
903 1368 1036 1438 Mifsud
1066 1369 1287 1439 recurrendo
1312 1370 1359 1440 ad
1384 1368 1420 1439 S.
1446 1369 1484 1440 C.
1510 1367 1674 1452 Consilii,
1697 1375 1739 1437 ut
1761 1370 1888 1455 posset

382 1513 451 1576 pro
471 1496 596 1578 pratia
619 1491 782 1580 optionis
806 1491 884 1562 iure
908 1492 1078 1581 gaudere.
1103 1492 1363 1580 Respondetur
1384 1514 1510 1562 verum
1546 1493 1695 1582 quidem
1719 1511 1801 1560 esse
1826 1488 1890 1558 Ca-

387 1614 559 1686 nonicum
586 1615 720 1686 Mifsud
743 1615 931 1704 possidere
955 1617 1213 1705 praebendam,
1237 1638 1333 1705 quae
1356 1622 1413 1687 est
1435 1639 1511 1687 una
1534 1639 1579 1687 ex
1601 1617 1657 1702 iis,
1681 1635 1776 1704 quae
1800 1618 1889 1684 sunt

387 1760 505 1810 novae
537 1741 750 1826 erectionis3
775 1742 940 1811 sednon
965 1741 1050 1811 inde
1082 1741 1185 1830 sequi
1210 1763 1292 1811 eum
1326 1741 1488 1831 optionis
1510 1743 1588 1812 iure
1620 1740 1765 1829 privari.
1791 1739 1889 1808 Sane

386 1865 560 1935 Urbanus
584 1866 679 1950 VIII,
697 1865 760 1954 qui
784 1886 842 1935 an.
861 1865 950 1934 tout
973 1865 1142 1954 Capitulo
1160 1866 1339 1936 Melitensi
1367 1866 1594 1955 privilegium
1620 1863 1781 1953 optionis
1808 1883 1890 1932 con-

389 1995 559 2074 cesserat,
584 2011 641 2059 an.
660 1989 746 2061 1633
771 1989 934 2079 quinque
958 2011 1076 2060 novos
1100 1989 1498 2096 erexitvCauouIcatuS,
1523 1997 1560 2060 et
1581 1990 1891 2073 an.1638,recur·

387 2113 553 2183 rentibus
570 2113 756 2184 oanonicis
780 2121 909 2184 contra
923 2113 1145 2202 Episcopum
1171 2113 1334 2203 optionis
1362 2115 1575 2185 exercitium
1598 2114 1890 2208 impugnantem,

386 2237 548 2325 optionis
573 2237 801 2327 privilegium
825 2237 1064 2324 confirmavit,
1094 2239 1303 2327 etquidem
1326 2260 1393 2327 pro
1417 2238 1589 2308 omnibus
1613 2238 1810 2324 canonicis,
1831 2258 1890 2306 ne-

389 2361 486 2431 mIne
511 2363 671 2433 excluso.
697 2363 774 2432 Imo
793 2362 962 2433 Pontifex
987 2362 1024 2432 iu
1045 2362 1289 2434 instrumento
1313 2384 1431 2434 novae
1457 2362 1650 2434 erectionis
1674 2362 1889 2432 clarissimis

387 2487 510 2556 verbm
533 2487 612 2555 vult
634 2493 676 2556 ut
698 2487 784 2556 novi
810 2487 1051 2557 canonicatus
1074 2487 1244 2558 fruantur
1271 2489 1443 2559 omnibus
1467 2487 1675 2577 privilegiis,
1700 2507 1890 2576 praeroga·

386 2610 482 2695 tivis,
506 2611 704 2696 favoribus,
728 2611 867 2701 gratiis,
890 2617 969 2698 etc,
993 2612 1044 2682 ita
1068 2617 1109 2682 ut
1132 2613 1234 2682 nulla
1257 2613 1306 2682 sit
1329 2612 1533 2683 differentia
1559 2613 1654 2682 inter
1688 2611 1887 2707 canonicos

388 2736 521 2806 veteris
545 2743 581 2806 et
604 2759 722 2806 novae
754 2737 956 2808 erectionis
991 2737 1100 2823 Quod
1123 2738 1153 2808 si
1178 2738 1347 2809 Pontifex
1377 2759 1496 2808 novos
1526 2737 1725 2808 canonicos
1755 2759 1778 2806 a
1808 2737 1887 2806 iure

386 2860 548 2949 optionis
572 2862 737 2950 excipere
757 2863 942 2946 voluisset,
959 2861 996 2931 id
1013 2867 1138 2951 aperte
1162 2864 1347 2932 declarare
1371 2863 1568 2933 debuisset
1587 2861 1761 2932 Similiter
1776 2861 1886 2930 etiam

385 2985 448 3054 alii
473 2985 681 3071 Pontifices,
697 2987 751 3057 uti
776 2987 946 3057 Clemens
963 2988 1032 3057 XII
1036 2989 1062 3072 l,
1079 2994 1115 3057 et
1139 2988 1360 3058 Benedictus
1380 2989 1474 3072 XIV,
1490 2987 1553 3077 qui
1578 2987 1616 3057 iu
1632 2987 1796 3057 Ecclesia
1819 2986 1889 3055 Me-

389 3109 549 3180 levitana
578 3132 696 3181 novos
727 3111 968 3181 canonicatus
999 3118 1204 3197 erexerunt,
1228 3111 1273 3182 iis
1300 3113 1426 3181 omnia
1456 3111 1647 3200 privilegia
1677 3116 1714 3181 et
1743 3110 1888 3180 indulta

385 3240 659 3320 concesserunt,
683 3235 818 3324 quibus
842 3236 984 3325 antiqui
1007 3237 1228 3326 gaudebant,
1253 3238 1395 3326 absque
1418 3237 1494 3306 ulla
1522 3235 1751 3307 restrictione
1775 3241 1888 3325 atque

384 3360 610 3448 exceptione.
636 3360 806 3431 Ceterum
831 3361 929 3430 circa
949 3362 1206 3450 quaestIonem
1230 3383 1277 3431 an
1302 3362 1409 3433 novis
1439 3361 1628 3432 canonicis
1659 3361 1786 3431 eadem
1812 3360 1888 3430 sint

387 3485 468 3556 iura
498 3491 534 3555 et
556 3485 755 3575 privilegia,
779 3507 822 3555 ac
852 3491 940 3556 sunt
971 3486 1150 3575 antiquis,
1174 3486 1225 3556 ita
1249 3487 1302 3557 De
1327 3488 1459 3557 Herdt:
1486 3515 1505 3551 «
1522 3487 1564 3557 In
1588 3509 1695 3572 casu,
1719 3486 1787 3573 ait,
1810 3508 1889 3557 ere-

389 3639 408 3674 «
425 3611 555 3681 ctionis
586 3633 768 3682 novorum
800 3612 1095 3696 canonicatuum,
1127 3612 1214 3681 novi
1246 3611 1414 3683 canonici
1445 3613 1492 3682 ab
1523 3612 1685 3701 antiquis
1711 3612 1889 3701 generali-

389 3763 409 3797 «
425 3740 480 3804 ter
510 3735 726 3804 admittendi
765 3741 852 3804 sunt
883 3736 931 3804 ad
961 3756 1090 3804 omnes
1121 3735 1417 3824 praerogativam,
1450 3737 1591 3825 absque
1629 3735 1706 3804 ulla
1735 3755 1889 3824 prorsus

388 3887 407 3922 «
424 3859 638 3930 differentia.
672 3861 779 3930 Ratio
804 3865 869 3945 est,
900 3859 998 3948 quia,
1022 3881 1137 3948 quum
1169 3859 1230 3929 isti
1262 3860 1429 3931 canonici
1460 3862 1535 3930 sint
1564 3883 1649 3931 vere
1681 3865 1717 3930 et
1739 3859 1888 3950 proprie

388 3983 526 4068 «talea,
549 3987 586 4052 et
609 3983 837 4053 constituant
866 4004 983 4053 unum
1014 4004 1149 4072 corpus
1181 3984 1379 4054 Ecclesiam
1412 3991 1704 4072 repraesentans,
1727 4005 1804 4054 non
1829 3985 1890 4054 de-

387 4136 406 4171 «
424 4109 511 4178 beut
541 4109 588 4177 ab
612 4108 694 4178 aliis
725 4108 899 4178 membris
930 4108 1047 4196 ipsius
1079 4109 1240 4197 corporis
1273 4108 1466 4198 distingui;
1498 4109 1564 4179 sed
1594 4110 1883 4198 quodammodo

389 4261 407 4296 «
425 4232 462 4301 In
493 4233 680 4320 sequelam
711 4232 932 4321 receptionis
962 4232 1001 4301 in
1032 4233 1248 4316 canonicos,
1280 4233 1416 4302 debent
1446 4232 1664 4321 participare
1697 4234 1742 4302 de
1773 4234 1890 4302 omni-

387 4386 407 4420 «
423 4358 493 4426 bus
520 4356 663 4427 iuribus
687 4361 723 4426 et
745 4356 1043 4445 praeeminentiis
1074 4357 1352 4426 canonicalibus
1383 4358 1431 4426 ad
1453 4358 1571 4427 Instar
1600 4357 1836 4446 antiquorum
1855 4387 1886 4428 ».

388 4483 460 4552 Cfr.
493 4484 513 4551 l.
538 4505 576 4566 c,
600 4503 678 4568 cop.
703 4486 741 4566 7,
765 4481 785 4572 5
809 4489 869 4567 11,
893 4503 929 4551 n.
957 4487 989 4552 2.
1022 4482 1130 4569 Quod
1161 4503 1249 4550 vero
1281 4480 1491 4552 Canonicus
1526 4482 1661 4552 Mifsud
1695 4503 1888 4556 recursum

386 4606 556 4675 habuerit
582 4607 630 4675 ad
647 4605 682 4675 S.
701 4605 739 4675 C.
757 4606 910 4677 Concilii
933 4613 976 4677 ut
999 4629 1064 4693 pro
1086 4610 1212 4694 prolia
1227 4606 1389 4696 optionis
1406 4606 1484 4676 iure
1502 4607 1692 4691 frueretur,
1708 4607 1746 4676 id
1762 4607 1887 4677 innuit

385 4735 530 4801 tantum
556 4730 785 4801 Canonicum
809 4731 943 4800 Mifsud
974 4731 1013 4800 in
1036 4731 1159 4816 dubi0,
1183 4730 1306 4819 potius
1337 4731 1550 4816 subiectivo‚
1575 4752 1622 4800 an
1647 4731 1888 4802 canonicatus

387 4875 505 4924 novae
522 4853 715 4925 erectionis
732 4854 893 4943 optionis
909 4856 987 4925 iure
1003 4857 1215 4945 gauderent,
1229 4878 1295 4944 pro
1319 4855 1456 4925 maiore
1473 4856 1668 4925 securitate
1692 4856 1727 4925 S.
1753 4855 1888 4927 Sedem

386 4979 532 5050 adiisse.

492 5104 630 5174 Solutis
660 5105 772 5189 hIsce,
796 5126 891 5193 quae
921 5105 1106 5195 graviores
1137 5105 1329 5190 videntur,
1362 5105 1659 5192 difficultatibus,
1691 5105 1885 5195 inspicien-

386 5230 475 5300 dum
507 5235 562 5299 est
593 5250 641 5298 an
666 5228 874 5298 Canonious
909 5229 1043 5300 Mifsud
1075 5229 1291 5300 satisfecerit
1322 5229 1596 5300 conditionibus
1626 5229 1814 5319 requisitis
1838 5232 1888 5302 ad

386 5355 600 5442 optandum.
632 5353 813 5441 Imprimis
851 5353 953 5423 nulla
983 5353 1151 5424 facienda
1185 5359 1241 5424 est
1271 5354 1461 5443 inquisitio
1501 5354 1597 5424 clrca
1627 5354 1885 5426 antianitatem

387 5477 563 5548 Canonioi
588 5476 732 5563 Mifsud,
756 5498 865 5566 quam
891 5476 1001 5547 etiam
1026 5499 1111 5566 pars
1135 5478 1291 5548 adversa
1312 5479 1472 5568 agnovit,
1488 5483 1600 5567 atque
1623 5499 1669 5548 ex
1692 5479 1802 5549 certis
1826 5480 1886 5549 do·
