4038 6274
729 437 761 496 b.
781 441 924 496 nomm
942 442 1027 497 Rota.
1576 439 1629 498 155

138 643 199 712 que
223 622 260 691 in
284 643 433 708 aevum,
449 623 519 692 iam
537 623 737 694 statuimus
761 625 864 694 iuxta
887 624 1086 695 Doctorum
1111 625 1313 694 doctrinam
1340 628 1475 693 certam
1493 629 1529 692 et
1547 643 1629 692 con·

138 752 300 832 stantem,
324 769 471 819 necnon
494 749 725 820 authenticas
748 770 936 820 sacrarum
960 750 1295 841 Congregationum
1323 748 1539 820 decisiones.

233 873 362 962 Neque
386 872 529 944 dicatur
552 873 807 963 quaestionem
829 895 906 944 non
929 895 1011 947 esse
1035 875 1080 944 de
1104 875 1228 959 verbo,
1253 875 1318 944 sed
1343 874 1387 944 de
1411 895 1460 958 re,
1476 875 1513 942 et
1528 891 1631 961 prae·

138 1000 226 1068 latos
248 1002 376 1082 testes,
399 1005 527 1088 utpote
552 999 597 1068 de
621 998 699 1068 iure
724 999 900 1070 canonico
924 999 1071 1088 penitus
1091 999 1248 1088 ignaros,
1265 997 1333 1069 etsi
1357 997 1396 1067 in
1419 994 1630 1067 testimonio

138 1121 371 1210 perhibendo,
397 1125 511 1194 verbo
541 1127 756 1194 conditionis
778 1123 836 1194 usi
860 1144 937 1193 non
968 1123 1113 1209 merim,
1138 1123 1352 1193 adhibuisse
1380 1128 1505 1192 tamen
1532 1121 1632 1191 locu-

137 1247 251 1316 tiones
278 1247 399 1318 eidem
422 1248 536 1318 verbo
560 1248 860 1338 aequipollentes.
885 1249 1028 1320 Etenim
1053 1249 1166 1320 verba
1194 1248 1374 1318 sumenda
1406 1251 1493 1317 sunt
1523 1248 1632 1334 prout

139 1377 286 1442 sonant:
311 1373 541 1462 propositum
578 1378 701 1444 autem
737 1373 876 1463 aliquid
910 1374 1042 1464 agendi
1077 1395 1153 1444 non
1191 1374 1387 1444 secumfert
1410 1389 1631 1442 consensum

138 1495 448 1583 conditionatum
478 1496 580 1567 etin
610 1497 739 1582 dubio,
771 1498 855 1586 quis
885 1497 1133 1586 praesumitur
1164 1519 1255 1586 pure
1286 1495 1532 1578 contraxisse,
1563 1492 1635 1562 nisi

138 1625 256 1709 aperte
284 1621 425 1711 liqueat
447 1623 492 1692 de
516 1625 725 1706 cortdittoue,
748 1622 963 1711 praesertim
989 1622 1020 1692 si
1045 1623 1207 1693 conditio
1239 1621 1467 1693 substantiae
1492 1623 1634 1690 contra-

139 1751 210 1816 ctus
235 1752 458 1836 opponatur,
481 1747 535 1818 uti
560 1747 769 1819 considerat
792 1748 1014 1820 Benedictus
1037 1748 1120 1818 XIV
1143 1748 1226 1819 loco
1250 1747 1372 1817 citato.

236 1869 313 1942 Sed
335 1893 435 1942 unus
457 1872 615 1942 habetur
637 1873 743 1944 testis
766 1873 829 1962 qui
853 1893 929 1942 non
952 1873 1116 1963 loquitur
1147 1875 1193 1944 de
1224 1871 1380 1962 simplici
1405 1889 1545 1955 errore,
1568 1867 1634 1938 sed

139 1995 176 2065 de
197 2018 374 2084 capream
396 2001 597 2068 condittcme
624 2019 719 2087 quae
742 2003 831 2068 nata
853 2003 962 2084 esset,
987 1999 1090 2070 iuxta
1121 1999 1285 2090 regulam
1316 1998 1390 2068 iam
1418 1993 1636 2084 expositam,

138 2117 255 2204 ipsum
280 2124 510 2191 contractum
540 2122 683 2192 nullum
707 2123 870 2192 reddere.
895 2123 1020 2193 Refert
1044 2123 1140 2192 enim
1176 2123 1334 2193 loannes
1358 2143 1377 2192 e
1402 2117 1634 2207 Principibus

140 2243 198 2312 Del
220 2244 370 2334 Draga:
404 2273 422 2309 ‹
440 2247 660 2318 Rammento
683 2247 751 2318 che
780 2247 818 2317 la
844 2247 1000 2317 mattina
1031 2252 1150 2318 stessa
1180 2247 1279 2317 nella
1305 2246 1413 2335 quale
1437 2245 1468 2315 si
1492 2243 1635 2313 doveva

141 2369 357 2440 «celebrare
380 2370 407 2440 il
429 2371 675 2456 matrimonio,
695 2372 929 2443 trovandomi
948 2373 987 2442 in
1003 2393 1080 2442 una
1094 2377 1224 2442 stanza
1248 2392 1377 2460 presso
1400 2369 1523 2460 quella
1538 2364 1637 2436 nella

140 2495 282 2582 «quale
306 2515 370 2564 era
392 2495 430 2565 la
452 2517 597 2584 sposa...
627 2497 735 2567 sontii
766 2497 940 2587 plangere
964 2519 983 2566 e
1007 2497 1150 2585 parlare
1185 2496 1500 2578 concitatamente‚
1531 2497 1637 2562 tanto

140 2648 154 2678 «
171 2618 218 2687 da
241 2624 351 2706 poter
366 2619 592 2710 distinguere
608 2620 674 2691 che
691 2641 779 2690 cosa
794 2621 825 2690 si
841 2620 994 2692 dicesse.
1019 2619 1352 2691 Nell’avvicinarmi
1373 2621 1425 2690 tui
1449 2617 1637 2688 chiamato

140 2743 269 2814 «dalla
295 2764 410 2832 sposa
431 2749 550 2814 stessa
572 2745 609 2814 la
631 2746 740 2836 quale
770 2745 821 2815 mi
851 2747 950 2817 disse
978 2747 1018 2816 in
1049 2746 1159 2817 istato
1184 2745 1220 2816 di
1245 2745 1449 2836 agitazione
1474 2745 1541 2814 obe
1566 2743 1637 2814 ella

141 2896 157 2929 ‹
171 2888 246 2937 non
272 2889 338 2938 era
362 2868 489 2938 affatto
513 2869 635 2940 sicura
657 2870 875 2941 dell’affetto
900 2870 996 2941 dello
1021 2891 1132 2960 sposo
1157 2892 1178 2941 e
1201 2876 1346 2942 temeva
1369 2870 1405 2940 di
1430 2870 1485 2939 far
1502 2868 1636 2938 malea

141 3021 157 3054 ι
172 2994 365 3081 sposar10:
391 2997 438 3066 ad
461 2997 548 3086 ogni
571 2996 682 3066 modo
706 2996 917 3068 dichiarava
940 2997 1230 3085 esplicitamente
1255 2995 1322 3066 obe
1346 2996 1417 3066 ella
1440 3015 1600 3084 sposava
1616 3013 1640 3062 a

139 3146 156 3180 «
172 3119 393 3191 condizione
416 3121 454 3191 di
478 3142 579 3194 esser
601 3121 717 3192 libera
740 3122 776 3192 di
800 3127 905 3213 poter
927 3121 1131 3193 divorziare
1157 3143 1233 3191 non
1260 3141 1405 3210 appena
1428 3121 1460 3191 si
1483 3121 1638 3190 vedesse

140 3246 310 3316 «tradita
333 3245 433 3316 dallo
456 3267 616 3334 spcs0,e
639 3246 807 3335 all'uopo
831 3247 881 3317 mi
904 3267 1065 3336 pregava
1088 3246 1124 3316 di
1149 3246 1382 3317 comunicare
1409 3249 1635 3317 nettamente

141 3397 157 3430 ‹
170 3371 244 3441 tale
260 3391 334 3442 sua
349 3370 607 3442 affermazione
623 3372 697 3442 allo
721 3393 833 3461 sposo
850 3399 880 3440 ».
906 3373 949 3441 ln
972 3392 1082 3461 quam
1107 3391 1195 3442 vero
1219 3370 1493 3441 attestationem
1509 3371 1639 3440 adver-

140 3495 291 3566 tendum
324 3501 402 3566 est:
432 3497 537 3566 1.⁰ln
559 3497 688 3586 primis
718 3517 800 3568 sese
830 3497 961 3567 offerre
993 3495 1107 3567 menti
1139 3496 1323 3586 regulam:
1350 3495 1492 3566 «Unus
1521 3493 1641 3578 testis,

141 3647 157 3680 «
172 3621 301 3690 nullus
323 3621 464 3692 testis»
498 3642 564 3692 seu
592 3650 611 3685 ‹
627 3621 761 3692 unicus
783 3621 890 3692 testis
913 3641 988 3692 non
1012 3621 1145 3709 probat
1161 3649 1193 3705 »,
1216 3621 1271 3691 uti
1296 3620 1439 3690 censuit
1462 3619 1499 3690 S.
1524 3619 1568 3690 H.
1595 3619 1639 3691 0.

140 3742 175 3812 in
197 3747 307 3816 docta.
322 3765 353 3815 o.
367 3751 446 3830 251,
461 3768 497 3815 u.
515 3752 558 3829 1;
580 3749 684 3816 docio.
701 3751 778 3832 664,
796 3768 831 3816 u.
847 3751 880 3830 3,
892 3749 991 3832 part.
1008 3747 1036 3830 I,
1053 3749 1090 3815 et
1104 3749 1209 3817 docte.
1228 3751 1304 3830 191,
1320 3767 1357 3815 a.
1380 3751 1400 3813 7
1407 3771 1419 3829 ;
1441 3747 1546 3814 decta
1561 3749 1640 3829 337,

141 3889 174 3936 u.
197 3874 265 3953 16;
288 3873 395 3939 decta
411 3875 488 3956 487,
512 3893 548 3940 n.
571 3875 605 3955 8,
624 3875 723 3958 port.
739 3873 801 3956 IV,
825 3876 847 3939 t.
864 3873 911 3957 Π,
934 3873 1073 3940 Raram.
1098 3874 1135 3941 et
1158 3869 1193 3939 in
1219 3869 1302 3939 aliis
1325 3868 1529 3940 innumeris
1544 3868 1642 3940 eius·

142 3992 219 4062 dem
244 3992 477 4064 collectionis
500 3995 636 4064 Romul.
662 3994 708 4064 Et
729 4000 920 4083 praeterea
949 3993 1069 4064 tenuit
1099 3994 1197 4065 Rota
1218 3999 1349 4065 testem
1382 3992 1534 4063 unicum
1565 4015 1641 4063 non

141 4117 298 4204 probare
321 4116 433 4188 etiam
458 4118 502 4188 de
526 4119 623 4189 lacto
646 4119 795 4208 proprio
818 4119 1077 4208 deponentem,
1093 4123 1130 4189 et
1145 4117 1381 4207 potissimum
1405 4116 1437 4186 si
1462 4117 1643 4189 adversus

142 4242 418 4313 attestationem
446 4244 585 4313 moveri
612 4249 770 4331 possunt
799 4243 1035 4332 exceptiones
1066 4245 1117 4334 (et
1139 4242 1209 4313 has
1238 4263 1313 4312 non
1338 4241 1467 4312 deesse
1491 4241 1529 4310 in
1553 4262 1642 4314 casu

142 4366 211 4438 iam
226 4389 347 4458 supra
361 4367 484 4438 visum
507 4374 564 4438 est
586 4375 624 4439 et
646 4369 800 4440 inferius
823 4369 1037 4460 innuemus)
1061 4389 1105 4438 ex
1122 4372 1227 4438 decta
1244 4373 1319 4452 144,
1335 4389 1372 4436 u.
1387 4372 1411 4436 3
1417 4393 1429 4451 ;
1447 4369 1552 4437 docte.
1564 4373 1641 4452 403,

144 4515 174 4562 n.
188 4499 221 4579 8,
232 4499 337 4582 part.
362 4496 403 4580 1;
425 4497 529 4564 decia.
547 4500 625 4580 237,
641 4516 677 4564 n.
693 4501 724 4580 4,
738 4498 837 4581 part.
853 4495 930 4578 ΠΙ,Ι
945 4498 1049 4564 decta
1067 4499 1143 4579 125,
1153 4497 1252 4580 part.
1268 4500 1291 4561 4
1298 4519 1310 4578 ,·
1330 4497 1429 4578 part.
1449 4500 1481 4563 4.
1505 4495 1641 4563 Rcccnt.

143 4619 187 4686 t?
209 4619 408 4707 Quatenus
435 4641 523 4690 vero
546 4619 733 4690 attestatio
764 4618 876 4689 unius
908 4621 1127 4690 adversatur
1150 4619 1305 4688 aliorum
1333 4617 1641 4702 attestationibus,

144 4744 385 4816 adnitendum
410 4751 532 4816 estut
555 4765 687 4814 sensus
709 4745 821 4814 unius
844 4743 1001 4814 aliorum
1026 4743 1232 4814 sententiae
1260 4744 1511 4813 concordetur.
1535 4743 1582 4811 Et
1605 4741 1643 4811 in

144 4867 305 4940 themate
330 4869 418 4959 quia
441 4868 502 4938 alii
526 4874 649 4954 testea,
673 4889 755 4940 cum
780 4868 919 4958 primis,
935 4869 1065 4939 Annae
1089 4866 1303 4938 huiusmodi
1319 4867 1546 4938 voluntatem
1562 4888 1643 4956 per-

146 4999 321 5082 ceperunt
336 5015 381 5064 ex
400 4993 577 5065 relatione
596 4993 748 5064 Ioannis
763 4994 831 5064 Del
846 4994 979 5084 Drago,
996 4992 1307 5081 praesumendum
1323 4997 1380 5062 est
1395 5013 1471 5063 rem
1489 4991 1540 5062 ita
1555 4996 1643 5062 tunc

147 5118 388 5208 significatam
412 5140 436 5189 a
460 5118 597 5190 Ioanne
621 5119 746 5205 misse,
769 5119 823 5189 uti
847 5119 957 5190 hodie
981 5141 1062 5190 eam
1089 5119 1253 5190 referunt
1276 5118 1384 5188 iidem
1410 5123 1533 5189 testes.
1550 5116 1644 5188 Iam-

147 5264 227 5315 vero
250 5245 292 5315 bi
316 5265 393 5314 non
413 5245 616 5333 loquuntur
639 5245 684 5315 de
700 5244 847 5333 propria
866 5265 910 5316 ac
925 5265 1013 5315 vera
1028 5243 1237 5315 conditione
1254 5245 1301 5313 ab
1317 5245 1425 5313 Anna
1440 5243 1643 5314 contractui

149 5371 316 5458 apposita
330 5393 339 5456 ;
362 5371 428 5441 sed
445 5370 490 5440 de
506 5369 709 5441 intentione
731 5369 844 5439 libere
860 5376 897 5440 et
911 5369 1067 5440 libenter
1083 5369 1211 5440 utendi
1235 5369 1454 5439 divortiandi
1471 5369 1644 5440 facultate

149 5516 254 5583 quam
271 5495 328 5566 illi
344 5496 482 5567 dabant
497 5494 632 5585 placita
655 5500 776 5565 sectae
799 5494 1094 5584 protestanticae.
1118 5495 1165 5563 3.⁰
1182 5492 1303 5580 Quare
1328 5495 1546 5565 concludere
1561 5493 1646 5564 licet
1677 5529 1679 5533 ·
