<?xml version="1.0" encoding="UTF-8"?>
<!DOCTYPE html PUBLIC "-//W3C//DTD XHTML 1.0 Transitional//EN"
    "http://www.w3.org/TR/xhtml1/DTD/xhtml1-transitional.dtd">
<html xmlns="http://www.w3.org/1999/xhtml" xml:lang="en" lang="en">
 <head>
  <title>
</title>
<meta http-equiv="Content-Type" content="text/html;charset=utf-8" />
  <meta name='ocr-system' content='tesseract 3.04.00' />
  <meta name='ocr-capabilities' content='ocr_page ocr_carea ocr_par ocr_line ocrx_word'/>
</head>
<body>
  <div class='ocr_page' id='page_1' title='image "actaapostolicae00citygoog_0056.png"; bbox 0 0 4120 6284; ppageno 0'>
   <div class='ocr_carea' id='block_1_1' title="bbox 738 582 1623 638">
    <p class='ocr_par' dir='ltr' id='par_1_1' title="bbox 738 582 1623 638">
     <span class='ocr_line' id='line_1_1' title="bbox 738 582 1623 638; baseline 0.002 -2"><span class='ocrx_word' id='word_1_1' title='bbox 738 583 816 637; x_wconf 79' lang='lat' dir='ltr'>Acta</span> <span class='ocrx_word' id='word_1_2' title='bbox 834 583 889 637; x_wconf 72' lang='lat' dir='ltr'>Po·</span> <span class='ocrx_word' id='word_1_3' title='bbox 907 583 971 637; x_wconf 86' lang='lat' dir='ltr'>PP.</span> <span class='ocrx_word' id='word_1_4' title='bbox 993 583 1029 637; x_wconf 84' lang='lat' dir='ltr'>X.</span> <span class='ocrx_word' id='word_1_5' title='bbox 1588 582 1623 638; x_wconf 74' lang='lat' dir='ltr'>al</span> 
     </span>
    </p>
   </div>
   <div class='ocr_carea' id='block_1_2' title="bbox 126 765 1625 1108">
    <p class='ocr_par' dir='ltr' id='par_1_2' title="bbox 126 765 1625 1108">
     <span class='ocr_line' id='line_1_2' title="bbox 127 765 1625 860; baseline 0.001 -24"><span class='ocrx_word' id='word_1_6' title='bbox 127 767 256 836; x_wconf 88' lang='lat' dir='ltr'>simum</span> <span class='ocrx_word' id='word_1_7' title='bbox 273 767 458 855; x_wconf 90' lang='lat' dir='ltr'>templum</span> <span class='ocrx_word' id='word_1_8' title='bbox 478 767 515 837; x_wconf 93' lang='lat' dir='ltr'>in</span> <span class='ocrx_word' id='word_1_9' title='bbox 534 767 714 837; x_wconf 85' lang='lat' dir='ltr'><strong>honorem</strong></span> <span class='ocrx_word' id='word_1_10' title='bbox 734 767 839 838; x_wconf 75' lang='lat' dir='ltr'>sani</span> <span class='ocrx_word' id='word_1_11' title='bbox 853 765 1087 838; x_wconf 87' lang='lat' dir='ltr'>Patriarchae</span> <span class='ocrx_word' id='word_1_12' title='bbox 1104 767 1248 856; x_wconf 92' lang='lat' dir='ltr'>Ioseph,</span> <span class='ocrx_word' id='word_1_13' title='bbox 1265 767 1444 857; x_wconf 90' lang='lat' dir='ltr'>Deiparae</span> <span class='ocrx_word' id='word_1_14' title='bbox 1465 769 1625 860; x_wconf 83' lang='lat' dir='ltr'>Virginis</span> 
     </span>
     <span class='ocr_line' id='line_1_3' title="bbox 128 891 1624 980; baseline 0.002 -19"><span class='ocrx_word' id='word_1_15' title='bbox 128 891 270 979; x_wconf 90' lang='lat' dir='ltr'>Sponsi,</span> <span class='ocrx_word' id='word_1_16' title='bbox 283 891 322 961; x_wconf 93' lang='lat' dir='ltr'>in</span> <span class='ocrx_word' id='word_1_17' title='bbox 349 891 580 963; x_wconf 74' lang='lat' dir='ltr'>conaerensi</span> <span class='ocrx_word' id='word_1_18' title='bbox 597 892 752 962; x_wconf 73' lang='lat' dir='ltr'>civitate</span> <span class='ocrx_word' id='word_1_19' title='bbox 776 893 949 978; x_wconf 89' lang='lat' dir='ltr'>dicatum,</span> <span class='ocrx_word' id='word_1_20' title='bbox 966 892 1044 962; x_wconf 92' lang='lat' dir='ltr'>iure</span> <span class='ocrx_word' id='word_1_21' title='bbox 1068 892 1162 962; x_wconf 88' lang='lat' dir='ltr'>inter</span> <span class='ocrx_word' id='word_1_22' title='bbox 1177 893 1340 980; x_wconf 88' lang='lat' dir='ltr'>potiores</span> <span class='ocrx_word' id='word_1_23' title='bbox 1364 914 1488 964; x_wconf 87' lang='lat' dir='ltr'>sacras</span> <span class='ocrx_word' id='word_1_24' title='bbox 1512 894 1624 964; x_wconf 89' lang='lat' dir='ltr'>aedes</span> 
     </span>
     <span class='ocr_line' id='line_1_4' title="bbox 126 1016 1623 1108; baseline 0.001 -22"><span class='ocrx_word' id='word_1_25' title='bbox 126 1038 203 1087; x_wconf 90' lang='lat' dir='ltr'>esse</span> <span class='ocrx_word' id='word_1_26' title='bbox 226 1019 512 1104; x_wconf 88' lang='lat' dir='ltr'>accensendum,</span> <span class='ocrx_word' id='word_1_27' title='bbox 532 1018 668 1108; x_wconf 88' lang='lat' dir='ltr'>quibus</span> <span class='ocrx_word' id='word_1_28' title='bbox 685 1018 931 1088; x_wconf 76' lang='lat' dir='ltr'>Bonaerensis</span> <span class='ocrx_word' id='word_1_29' title='bbox 948 1016 1238 1088; x_wconf 76' lang='lat' dir='ltr'>Archidioecesi·</span> <span class='ocrx_word' id='word_1_30' title='bbox 1251 1017 1483 1089; x_wconf 91' lang='lat' dir='ltr'>nobilitatur:</span> <span class='ocrx_word' id='word_1_31' title='bbox 1501 1019 1623 1107; x_wconf 89' lang='lat' dir='ltr'>ipsum</span> 
     </span>
    </p>
   </div>
   <div class='ocr_carea' id='block_1_3' title="bbox 126 1142 1626 1356">
    <p class='ocr_par' dir='ltr' id='par_1_3' title="bbox 126 1142 1626 1356">
     <span class='ocr_line' id='line_1_5' title="bbox 126 1142 1626 1233; baseline 0.001 -21"><span class='ocrx_word' id='word_1_32' title='bbox 126 1143 218 1212; x_wconf 89' lang='lat' dir='ltr'>enim</span> <span class='ocrx_word' id='word_1_33' title='bbox 232 1143 414 1232; x_wconf 88' lang='lat' dir='ltr'>templum</span> <span class='ocrx_word' id='word_1_34' title='bbox 430 1149 510 1213; x_wconf 92' lang='lat' dir='ltr'>tum</span> <span class='ocrx_word' id='word_1_35' title='bbox 522 1143 660 1233; x_wconf 82' lang='lat' dir='ltr'>ingenti</span> <span class='ocrx_word' id='word_1_36' title='bbox 675 1149 870 1227; x_wconf 83' lang='lat' dir='ltr'>structura,</span> <span class='ocrx_word' id='word_1_37' title='bbox 882 1147 959 1213; x_wconf 87' lang='lat' dir='ltr'>tum</span> <span class='ocrx_word' id='word_1_38' title='bbox 974 1142 1196 1231; x_wconf 81' lang='lat' dir='ltr'>conspicuae</span> <span class='ocrx_word' id='word_1_39' title='bbox 1210 1143 1427 1232; x_wconf 79' lang='lat' dir='ltr'>omnigenae</span> <span class='ocrx_word' id='word_1_40' title='bbox 1440 1143 1530 1214; x_wconf 79' lang='lat' dir='ltr'>artis</span> <span class='ocrx_word' id='word_1_41' title='bbox 1543 1165 1626 1233; x_wconf 89' lang='lat' dir='ltr'>ope-</span> 
     </span>
     <span class='ocr_line' id='line_1_6' title="bbox 126 1264 1624 1356; baseline 0.002 -20"><span class='ocrx_word' id='word_1_42' title='bbox 126 1266 225 1336; x_wconf 92' lang='lat' dir='ltr'>ribus</span> <span class='ocrx_word' id='word_1_43' title='bbox 241 1266 396 1336; x_wconf 78' lang='lat' dir='ltr'>renidet.</span> <span class='ocrx_word' id='word_1_44' title='bbox 414 1266 508 1336; x_wconf 85' lang='lat' dir='ltr'>Cum</span> <span class='ocrx_word' id='word_1_45' title='bbox 524 1267 648 1355; x_wconf 88' lang='lat' dir='ltr'>itaque</span> <span class='ocrx_word' id='word_1_46' title='bbox 661 1265 890 1336; x_wconf 85' lang='lat' dir='ltr'>Venerabilis</span> <span class='ocrx_word' id='word_1_47' title='bbox 906 1265 1033 1335; x_wconf 77' lang='lat' dir='ltr'>Frater</span> <span class='ocrx_word' id='word_1_48' title='bbox 1045 1264 1232 1336; x_wconf 87' lang='lat' dir='ltr'>Marianus</span> <span class='ocrx_word' id='word_1_49' title='bbox 1244 1265 1429 1336; x_wconf 84' lang='lat' dir='ltr'>Antonius</span> <span class='ocrx_word' id='word_1_50' title='bbox 1441 1267 1624 1356; x_wconf 85' lang='lat' dir='ltr'>Espinosa</span> 
     </span>
    </p>
   </div>
   <div class='ocr_carea' id='block_1_4' title="bbox 121 1389 1626 3707">
    <p class='ocr_par' dir='ltr' id='par_1_4' title="bbox 122 1389 1626 3477">
     <span class='ocr_line' id='line_1_7' title="bbox 125 1389 1623 1481; baseline 0.003 -21"><span class='ocrx_word' id='word_1_51' title='bbox 125 1391 435 1481; x_wconf 81' lang='lat' dir='ltr'>Archiepiscopus</span> <span class='ocrx_word' id='word_1_52' title='bbox 452 1392 742 1462; x_wconf 74' lang='lat' dir='ltr'>Bonaerensium</span> <span class='ocrx_word' id='word_1_53' title='bbox 759 1390 875 1461; x_wconf 91' lang='lat' dir='ltr'>Nobis</span> <span class='ocrx_word' id='word_1_54' title='bbox 891 1389 1081 1480; x_wconf 89' lang='lat' dir='ltr'>significet,</span> <span class='ocrx_word' id='word_1_55' title='bbox 1098 1396 1135 1460; x_wconf 88' lang='lat' dir='ltr'>et</span> <span class='ocrx_word' id='word_1_56' title='bbox 1150 1389 1221 1460; x_wconf 90' lang='lat' dir='ltr'>sibi</span> <span class='ocrx_word' id='word_1_57' title='bbox 1237 1396 1273 1461; x_wconf 88' lang='lat' dir='ltr'>et</span> <span class='ocrx_word' id='word_1_58' title='bbox 1289 1391 1385 1461; x_wconf 91' lang='lat' dir='ltr'>clero</span> <span class='ocrx_word' id='word_1_59' title='bbox 1409 1393 1471 1481; x_wconf 89' lang='lat' dir='ltr'>qui</span> <span class='ocrx_word' id='word_1_60' title='bbox 1489 1393 1623 1464; x_wconf 91' lang='lat' dir='ltr'>divinis</span> 
     </span>
     <span class='ocr_line' id='line_1_8' title="bbox 126 1517 1623 1609; baseline 0.003 -23"><span class='ocrx_word' id='word_1_61' title='bbox 126 1517 262 1587; x_wconf 92' lang='lat' dir='ltr'>muniis</span> <span class='ocrx_word' id='word_1_62' title='bbox 284 1517 368 1605; x_wconf 88' lang='lat' dir='ltr'>ipsa</span> <span class='ocrx_word' id='word_1_63' title='bbox 390 1517 429 1588; x_wconf 94' lang='lat' dir='ltr'>in</span> <span class='ocrx_word' id='word_1_64' title='bbox 447 1517 618 1606; x_wconf 84' lang='lat' dir='ltr'>paroecia</span> <span class='ocrx_word' id='word_1_65' title='bbox 633 1517 776 1588; x_wconf 88' lang='lat' dir='ltr'>naviter</span> <span class='ocrx_word' id='word_1_66' title='bbox 790 1518 963 1607; x_wconf 85' lang='lat' dir='ltr'>iungitur,</span> <span class='ocrx_word' id='word_1_67' title='bbox 980 1523 1017 1588; x_wconf 90' lang='lat' dir='ltr'>et</span> <span class='ocrx_word' id='word_1_68' title='bbox 1032 1517 1205 1588; x_wconf 86' lang='lat' dir='ltr'>fidelibus</span> <span class='ocrx_word' id='word_1_69' title='bbox 1223 1518 1333 1588; x_wconf 88' lang='lat' dir='ltr'>etiam</span> <span class='ocrx_word' id='word_1_70' title='bbox 1349 1519 1542 1602; x_wconf 77' lang='lat' dir='ltr'>universio,</span> <span class='ocrx_word' id='word_1_71' title='bbox 1559 1521 1623 1609; x_wconf 90' lang='lat' dir='ltr'>qui</span> 
     </span>
     <span class='ocr_line' id='line_1_9' title="bbox 123 1641 1625 1733; baseline 0.003 -21"><span class='ocrx_word' id='word_1_72' title='bbox 123 1641 396 1713; x_wconf 79' lang='lat' dir='ltr'>ferventissimo</span> <span class='ocrx_word' id='word_1_73' title='bbox 411 1664 498 1733; x_wconf 90' lang='lat' dir='ltr'>erga</span> <span class='ocrx_word' id='word_1_74' title='bbox 509 1641 668 1732; x_wconf 78' lang='lat' dir='ltr'>Virginis</span> <span class='ocrx_word' id='word_1_75' title='bbox 680 1643 942 1713; x_wconf 85' lang='lat' dir='ltr'>Immaculatae</span> <span class='ocrx_word' id='word_1_76' title='bbox 956 1641 1200 1713; x_wconf 89' lang='lat' dir='ltr'>Purissimum</span> <span class='ocrx_word' id='word_1_77' title='bbox 1214 1643 1398 1731; x_wconf 88' lang='lat' dir='ltr'>Sponsum</span> <span class='ocrx_word' id='word_1_78' title='bbox 1417 1646 1625 1717; x_wconf 89' lang='lat' dir='ltr'>devotionis</span> 
     </span>
     <span class='ocr_line' id='line_1_10' title="bbox 125 1764 1625 1852; baseline 0.002 -18"><span class='ocrx_word' id='word_1_79' title='bbox 125 1765 248 1834; x_wconf 87' lang='lat' dir='ltr'>studio</span> <span class='ocrx_word' id='word_1_80' title='bbox 272 1764 386 1850; x_wconf 90' lang='lat' dir='ltr'>ducti,</span> <span class='ocrx_word' id='word_1_81' title='bbox 410 1785 553 1835; x_wconf 90' lang='lat' dir='ltr'>sacram</span> <span class='ocrx_word' id='word_1_82' title='bbox 576 1765 730 1835; x_wconf 90' lang='lat' dir='ltr'>eandem</span> <span class='ocrx_word' id='word_1_83' title='bbox 754 1764 884 1835; x_wconf 88' lang='lat' dir='ltr'>aedem</span> <span class='ocrx_word' id='word_1_84' title='bbox 908 1786 983 1835; x_wconf 92' lang='lat' dir='ltr'>non</span> <span class='ocrx_word' id='word_1_85' title='bbox 1008 1765 1217 1836; x_wconf 89' lang='lat' dir='ltr'>intermisso</span> <span class='ocrx_word' id='word_1_86' title='bbox 1233 1765 1420 1835; x_wconf 87' lang='lat' dir='ltr'>celebrant</span> <span class='ocrx_word' id='word_1_87' title='bbox 1431 1787 1625 1852; x_wconf 88' lang='lat' dir='ltr'>concursu,</span> 
     </span>
     <span class='ocr_line' id='line_1_11' title="bbox 123 1889 1624 1980; baseline 0.001 -20"><span class='ocrx_word' id='word_1_88' title='bbox 123 1889 374 1980; x_wconf 87' lang='lat' dir='ltr'>gratissimum</span> <span class='ocrx_word' id='word_1_89' title='bbox 391 1891 622 1979; x_wconf 88' lang='lat' dir='ltr'>maximeque</span> <span class='ocrx_word' id='word_1_90' title='bbox 634 1896 826 1978; x_wconf 89' lang='lat' dir='ltr'>acceptum</span> <span class='ocrx_word' id='word_1_91' title='bbox 839 1889 926 1974; x_wconf 86' lang='lat' dir='ltr'>lore,</span> <span class='ocrx_word' id='word_1_92' title='bbox 939 1889 970 1960; x_wconf 90' lang='lat' dir='ltr'>si</span> <span class='ocrx_word' id='word_1_93' title='bbox 983 1911 1048 1978; x_wconf 91' lang='lat' dir='ltr'>per</span> <span class='ocrx_word' id='word_1_94' title='bbox 1060 1890 1136 1960; x_wconf 90' lang='lat' dir='ltr'>Nos</span> <span class='ocrx_word' id='word_1_95' title='bbox 1148 1890 1386 1979; x_wconf 90' lang='lat' dir='ltr'>praecipuum</span> <span class='ocrx_word' id='word_1_96' title='bbox 1400 1891 1470 1980; x_wconf 87' lang='lat' dir='ltr'>ipsi</span> <span class='ocrx_word' id='word_1_97' title='bbox 1484 1892 1624 1980; x_wconf 88' lang='lat' dir='ltr'>templo</span> 
     </span>
     <span class='ocr_line' id='line_1_12' title="bbox 122 2015 1621 2104; baseline 0.003 -20"><span class='ocrx_word' id='word_1_98' title='bbox 122 2016 298 2086; x_wconf 85' lang='lat' dir='ltr'>decusat</span> <span class='ocrx_word' id='word_1_99' title='bbox 322 2015 517 2104; x_wconf 90' lang='lat' dir='ltr'>peculiaris</span> <span class='ocrx_word' id='word_1_100' title='bbox 538 2015 691 2084; x_wconf 91' lang='lat' dir='ltr'>honoris</span> <span class='ocrx_word' id='word_1_101' title='bbox 714 2015 844 2085; x_wconf 86' lang='lat' dir='ltr'>titulus</span> <span class='ocrx_word' id='word_1_102' title='bbox 875 2016 1042 2100; x_wconf 83' lang='lat' dir='ltr'>accedat3</span> <span class='ocrx_word' id='word_1_103' title='bbox 1068 2015 1143 2084; x_wconf 91' lang='lat' dir='ltr'>Nos</span> <span class='ocrx_word' id='word_1_104' title='bbox 1167 2015 1264 2085; x_wconf 84' lang='lat' dir='ltr'>votis</span> <span class='ocrx_word' id='word_1_105' title='bbox 1296 2015 1354 2085; x_wconf 91' lang='lat' dir='ltr'>his</span> <span class='ocrx_word' id='word_1_106' title='bbox 1383 2017 1621 2088; x_wconf 88' lang='lat' dir='ltr'>annuendum</span> 
     </span>
     <span class='ocr_line' id='line_1_13' title="bbox 122 2139 1626 2229; baseline 0.001 -19"><span class='ocrx_word' id='word_1_107' title='bbox 122 2161 309 2228; x_wconf 88' lang='lat' dir='ltr'>propensa</span> <span class='ocrx_word' id='word_1_108' title='bbox 330 2139 482 2229; x_wconf 90' lang='lat' dir='ltr'>quidem</span> <span class='ocrx_word' id='word_1_109' title='bbox 504 2139 694 2210; x_wconf 83' lang='lat' dir='ltr'>voluntate</span> <span class='ocrx_word' id='word_1_110' title='bbox 718 2139 983 2210; x_wconf 81' lang='lat' dir='ltr'>existimamus.</span> <span class='ocrx_word' id='word_1_111' title='bbox 1001 2139 1244 2228; x_wconf 83' lang='lat' dir='ltr'>Quapropter,</span> <span class='ocrx_word' id='word_1_112' title='bbox 1260 2140 1474 2228; x_wconf 79' lang='lat' dir='ltr'>Apostolica</span> <span class='ocrx_word' id='word_1_113' title='bbox 1490 2141 1626 2212; x_wconf 87' lang='lat' dir='ltr'>Nostra</span> 
     </span>
     <span class='ocr_line' id='line_1_14' title="bbox 123 2263 1625 2352; baseline 0.001 -18"><span class='ocrx_word' id='word_1_114' title='bbox 123 2263 363 2350; x_wconf 80' lang='lat' dir='ltr'>Auctoritate,</span> <span class='ocrx_word' id='word_1_115' title='bbox 387 2264 634 2352; x_wconf 89' lang='lat' dir='ltr'>praesentium</span> <span class='ocrx_word' id='word_1_116' title='bbox 658 2263 706 2348; x_wconf 90' lang='lat' dir='ltr'>vi,</span> <span class='ocrx_word' id='word_1_117' title='bbox 722 2263 923 2335; x_wconf 85' lang='lat' dir='ltr'>Ecclesiam</span> <span class='ocrx_word' id='word_1_118' title='bbox 941 2264 1185 2352; x_wconf 87' lang='lat' dir='ltr'>parochialem</span> <span class='ocrx_word' id='word_1_119' title='bbox 1212 2266 1282 2334; x_wconf 88' lang='lat' dir='ltr'>sub</span> <span class='ocrx_word' id='word_1_120' title='bbox 1305 2265 1539 2336; x_wconf 88' lang='lat' dir='ltr'>invocatione</span> <span class='ocrx_word' id='word_1_121' title='bbox 1556 2267 1625 2336; x_wconf 89' lang='lat' dir='ltr'>Pa-</span> 
     </span>
     <span class='ocr_line' id='line_1_15' title="bbox 125 2388 1625 2482; baseline 0.003 -25"><span class='ocrx_word' id='word_1_122' title='bbox 125 2389 305 2459; x_wconf 87' lang='lat' dir='ltr'>triarehae</span> <span class='ocrx_word' id='word_1_123' title='bbox 329 2389 366 2459; x_wconf 88' lang='lat' dir='ltr'>S.</span> <span class='ocrx_word' id='word_1_124' title='bbox 391 2388 818 2477; x_wconf 52' lang='lat' dir='ltr'>losephisssonaerensis</span> <span class='ocrx_word' id='word_1_125' title='bbox 851 2389 1025 2475; x_wconf 65' lang='lat' dir='ltr'>civitatis</span> <span class='ocrx_word' id='word_1_126' title='bbox 1050 2392 1098 2461; x_wconf 88' lang='lat' dir='ltr'>ad</span> <span class='ocrx_word' id='word_1_127' title='bbox 1123 2390 1302 2461; x_wconf 83' lang='lat' dir='ltr'>Basilicas</span> <span class='ocrx_word' id='word_1_128' title='bbox 1327 2390 1477 2462; x_wconf 89' lang='lat' dir='ltr'>Minoris</span> <span class='ocrx_word' id='word_1_129' title='bbox 1507 2391 1625 2482; x_wconf 91' lang='lat' dir='ltr'>digni-</span> 
     </span>
     <span class='ocr_line' id='line_1_16' title="bbox 126 2513 1623 2605; baseline 0.004 -22"><span class='ocrx_word' id='word_1_130' title='bbox 126 2520 234 2585; x_wconf 87' lang='lat' dir='ltr'>tatem</span> <span class='ocrx_word' id='word_1_131' title='bbox 251 2514 456 2598; x_wconf 74' lang='lat' dir='ltr'>evehimus</span> <span class='ocrx_word' id='word_1_132' title='bbox 472 2514 578 2603; x_wconf 90' lang='lat' dir='ltr'>eique</span> <span class='ocrx_word' id='word_1_133' title='bbox 594 2513 783 2605; x_wconf 90' lang='lat' dir='ltr'>privilegia</span> <span class='ocrx_word' id='word_1_134' title='bbox 799 2515 924 2584; x_wconf 89' lang='lat' dir='ltr'>omnia</span> <span class='ocrx_word' id='word_1_135' title='bbox 939 2514 1147 2599; x_wconf 88' lang='lat' dir='ltr'>tribuimus,</span> <span class='ocrx_word' id='word_1_136' title='bbox 1162 2537 1258 2605; x_wconf 88' lang='lat' dir='ltr'>quae</span> <span class='ocrx_word' id='word_1_137' title='bbox 1271 2515 1475 2588; x_wconf 86' lang='lat' dir='ltr'>Minoribus</span> <span class='ocrx_word' id='word_1_138' title='bbox 1495 2517 1623 2589; x_wconf 86' lang='lat' dir='ltr'>Almae</span> 
     </span>
     <span class='ocr_line' id='line_1_17' title="bbox 122 2639 1623 2729; baseline 0.004 -21"><span class='ocrx_word' id='word_1_139' title='bbox 122 2641 232 2711; x_wconf 87' lang='lat' dir='ltr'>huius</span> <span class='ocrx_word' id='word_1_140' title='bbox 244 2639 359 2711; x_wconf 88' lang='lat' dir='ltr'>Urbis</span> <span class='ocrx_word' id='word_1_141' title='bbox 384 2639 550 2710; x_wconf 89' lang='lat' dir='ltr'>Basilicis</span> <span class='ocrx_word' id='word_1_142' title='bbox 574 2641 619 2710; x_wconf 91' lang='lat' dir='ltr'>de</span> <span class='ocrx_word' id='word_1_143' title='bbox 642 2641 720 2709; x_wconf 92' lang='lat' dir='ltr'>iure</span> <span class='ocrx_word' id='word_1_144' title='bbox 736 2646 959 2727; x_wconf 88' lang='lat' dir='ltr'>competunt.</span> <span class='ocrx_word' id='word_1_145' title='bbox 977 2641 1223 2712; x_wconf 89' lang='lat' dir='ltr'>Decernentes</span> <span class='ocrx_word' id='word_1_146' title='bbox 1239 2647 1451 2729; x_wconf 90' lang='lat' dir='ltr'>praesentes</span> <span class='ocrx_word' id='word_1_147' title='bbox 1466 2643 1623 2714; x_wconf 88' lang='lat' dir='ltr'>Litteras</span> 
     </span>
     <span class='ocr_line' id='line_1_18' title="bbox 122 2763 1622 2855; baseline 0.003 -21"><span class='ocrx_word' id='word_1_148' title='bbox 122 2766 278 2835; x_wconf 87' lang='lat' dir='ltr'>b&#39;ostras</span> <span class='ocrx_word' id='word_1_149' title='bbox 302 2765 440 2850; x_wconf 87' lang='lat' dir='ltr'>firmas,</span> <span class='ocrx_word' id='word_1_150' title='bbox 462 2764 603 2835; x_wconf 84' lang='lat' dir='ltr'>validas</span> <span class='ocrx_word' id='word_1_151' title='bbox 625 2769 737 2853; x_wconf 90' lang='lat' dir='ltr'>atque</span> <span class='ocrx_word' id='word_1_152' title='bbox 753 2763 918 2835; x_wconf 88' lang='lat' dir='ltr'>efficaces</span> <span class='ocrx_word' id='word_1_153' title='bbox 934 2785 1079 2852; x_wconf 90' lang='lat' dir='ltr'>semper</span> <span class='ocrx_word' id='word_1_154' title='bbox 1099 2770 1234 2850; x_wconf 86' lang='lat' dir='ltr'>extare,</span> <span class='ocrx_word' id='word_1_155' title='bbox 1250 2786 1412 2854; x_wconf 89' lang='lat' dir='ltr'>suosque</span> <span class='ocrx_word' id='word_1_156' title='bbox 1437 2768 1622 2855; x_wconf 88' lang='lat' dir='ltr'>plenarios</span> 
     </span>
     <span class='ocr_line' id='line_1_19' title="bbox 122 2889 1622 2980; baseline 0.001 -20"><span class='ocrx_word' id='word_1_157' title='bbox 122 2897 231 2980; x_wconf 85' lang='lat' dir='ltr'>atque</span> <span class='ocrx_word' id='word_1_158' title='bbox 256 2889 422 2980; x_wconf 75' lang='lat' dir='ltr'>integros</span> <span class='ocrx_word' id='word_1_159' title='bbox 446 2889 597 2960; x_wconf 84' lang='lat' dir='ltr'>effectus</span> <span class='ocrx_word' id='word_1_160' title='bbox 621 2889 754 2973; x_wconf 90' lang='lat' dir='ltr'>sortiri,</span> <span class='ocrx_word' id='word_1_161' title='bbox 778 2889 962 2974; x_wconf 89' lang='lat' dir='ltr'>obtinere,</span> <span class='ocrx_word' id='word_1_162' title='bbox 986 2889 1131 2980; x_wconf 88' lang='lat' dir='ltr'>illisque</span> <span class='ocrx_word' id='word_1_163' title='bbox 1158 2892 1208 2961; x_wconf 90' lang='lat' dir='ltr'>ad</span> <span class='ocrx_word' id='word_1_164' title='bbox 1231 2912 1326 2980; x_wconf 90' lang='lat' dir='ltr'>quos</span> <span class='ocrx_word' id='word_1_165' title='bbox 1354 2896 1539 2980; x_wconf 88' lang='lat' dir='ltr'>spectant,</span> <span class='ocrx_word' id='word_1_166' title='bbox 1563 2894 1622 2962; x_wconf 91' lang='lat' dir='ltr'>vel</span> 
     </span>
     <span class='ocr_line' id='line_1_20' title="bbox 122 3014 1623 3106; baseline 0.002 -20"><span class='ocrx_word' id='word_1_167' title='bbox 122 3022 289 3106; x_wconf 85' lang='lat' dir='ltr'>spectare</span> <span class='ocrx_word' id='word_1_168' title='bbox 312 3020 486 3104; x_wconf 87' lang='lat' dir='ltr'>poterunt</span> <span class='ocrx_word' id='word_1_169' title='bbox 508 3015 546 3085; x_wconf 93' lang='lat' dir='ltr'>in</span> <span class='ocrx_word' id='word_1_170' title='bbox 570 3020 776 3103; x_wconf 89' lang='lat' dir='ltr'>posterum,</span> <span class='ocrx_word' id='word_1_171' title='bbox 800 3014 1013 3103; x_wconf 90' lang='lat' dir='ltr'>plenissime</span> <span class='ocrx_word' id='word_1_172' title='bbox 1045 3015 1254 3105; x_wconf 82' lang='lat' dir='ltr'>suffragari3</span> <span class='ocrx_word' id='word_1_173' title='bbox 1279 3016 1404 3106; x_wconf 89' lang='lat' dir='ltr'>sicque</span> <span class='ocrx_word' id='word_1_174' title='bbox 1435 3017 1502 3087; x_wconf 89' lang='lat' dir='ltr'>rite</span> <span class='ocrx_word' id='word_1_175' title='bbox 1533 3018 1623 3089; x_wconf 89' lang='lat' dir='ltr'>iudi·</span> 
     </span>
     <span class='ocr_line' id='line_1_21' title="bbox 125 3139 1623 3231; baseline 0.001 -20"><span class='ocrx_word' id='word_1_176' title='bbox 125 3143 283 3212; x_wconf 84' lang='lat' dir='ltr'>candum</span> <span class='ocrx_word' id='word_1_177' title='bbox 306 3161 388 3211; x_wconf 88' lang='lat' dir='ltr'>esse</span> <span class='ocrx_word' id='word_1_178' title='bbox 412 3145 449 3210; x_wconf 91' lang='lat' dir='ltr'>et</span> <span class='ocrx_word' id='word_1_179' title='bbox 479 3139 745 3224; x_wconf 72' lang='lat' dir='ltr'>deliniendum,</span> <span class='ocrx_word' id='word_1_180' title='bbox 769 3140 986 3229; x_wconf 87' lang='lat' dir='ltr'>irritumque</span> <span class='ocrx_word' id='word_1_181' title='bbox 1010 3147 1047 3212; x_wconf 92' lang='lat' dir='ltr'>et</span> <span class='ocrx_word' id='word_1_182' title='bbox 1070 3141 1180 3211; x_wconf 91' lang='lat' dir='ltr'>inane</span> <span class='ocrx_word' id='word_1_183' title='bbox 1204 3139 1299 3226; x_wconf 89' lang='lat' dir='ltr'>fieri,</span> <span class='ocrx_word' id='word_1_184' title='bbox 1322 3141 1354 3210; x_wconf 87' lang='lat' dir='ltr'>si</span> <span class='ocrx_word' id='word_1_185' title='bbox 1386 3162 1493 3211; x_wconf 91' lang='lat' dir='ltr'>secus</span> <span class='ocrx_word' id='word_1_186' title='bbox 1516 3141 1623 3231; x_wconf 88' lang='lat' dir='ltr'>quid-</span> 
     </span>
     <span class='ocr_line' id='line_1_22' title="bbox 126 3263 1621 3354; baseline 0 -19"><span class='ocrx_word' id='word_1_187' title='bbox 126 3287 230 3354; x_wconf 86' lang='lat' dir='ltr'>quam</span> <span class='ocrx_word' id='word_1_188' title='bbox 255 3263 463 3352; x_wconf 89' lang='lat' dir='ltr'>superbis,</span> <span class='ocrx_word' id='word_1_189' title='bbox 487 3283 509 3332; x_wconf 87' lang='lat' dir='ltr'>a</span> <span class='ocrx_word' id='word_1_190' title='bbox 531 3263 675 3353; x_wconf 74' lang='lat' dir='ltr'>quovis</span> <span class='ocrx_word' id='word_1_191' title='bbox 703 3263 920 3334; x_wconf 83' lang='lat' dir='ltr'>auctoritate</span> <span class='ocrx_word' id='word_1_192' title='bbox 944 3263 1090 3354; x_wconf 69' lang='lat' dir='ltr'>quavis»,</span> <span class='ocrx_word' id='word_1_193' title='bbox 1115 3263 1272 3336; x_wconf 90' lang='lat' dir='ltr'>scienter</span> <span class='ocrx_word' id='word_1_194' title='bbox 1301 3264 1379 3335; x_wconf 90' lang='lat' dir='ltr'>sive</span> <span class='ocrx_word' id='word_1_195' title='bbox 1399 3265 1621 3354; x_wconf 88' lang='lat' dir='ltr'>ignoranter,</span> 
     </span>
     <span class='ocr_line' id='line_1_23' title="bbox 123 3385 1434 3477; baseline 0 -19"><span class='ocrx_word' id='word_1_196' title='bbox 123 3385 293 3458; x_wconf 84' lang='lat' dir='ltr'>attentari</span> <span class='ocrx_word' id='word_1_197' title='bbox 317 3385 523 3475; x_wconf 83' lang='lat' dir='ltr'>cor‘rtigerit.¹</span> <span class='ocrx_word' id='word_1_198' title='bbox 545 3386 627 3456; x_wconf 92' lang='lat' dir='ltr'>Non</span> <span class='ocrx_word' id='word_1_199' title='bbox 651 3387 886 3459; x_wconf 73' lang='lat' dir='ltr'>obstantibus</span> <span class='ocrx_word' id='word_1_200' title='bbox 910 3386 1104 3459; x_wconf 88' lang='lat' dir='ltr'>contrariis</span> <span class='ocrx_word' id='word_1_201' title='bbox 1127 3388 1434 3477; x_wconf 85' lang='lat' dir='ltr'>quibuscumque.</span> 
     </span>
    </p>

    <p class='ocr_par' dir='ltr' id='par_1_5' title="bbox 121 3511 1621 3707">
     <span class='ocr_line' id='line_1_24' title="bbox 221 3511 1621 3602; baseline 0.001 -20"><span class='ocrx_word' id='word_1_202' title='bbox 221 3513 362 3582; x_wconf 90' lang='lat' dir='ltr'>Datum</span> <span class='ocrx_word' id='word_1_203' title='bbox 387 3513 528 3582; x_wconf 87' lang='lat' dir='ltr'>Romae</span> <span class='ocrx_word' id='word_1_204' title='bbox 551 3512 651 3602; x_wconf 89' lang='lat' dir='ltr'>apud</span> <span class='ocrx_word' id='word_1_205' title='bbox 667 3511 704 3582; x_wconf 89' lang='lat' dir='ltr'>S.</span> <span class='ocrx_word' id='word_1_206' title='bbox 721 3513 871 3582; x_wconf 91' lang='lat' dir='ltr'>Petrum</span> <span class='ocrx_word' id='word_1_207' title='bbox 895 3513 964 3582; x_wconf 92' lang='lat' dir='ltr'>sub</span> <span class='ocrx_word' id='word_1_208' title='bbox 984 3513 1123 3582; x_wconf 89' lang='lat' dir='ltr'>annulo</span> <span class='ocrx_word' id='word_1_209' title='bbox 1141 3512 1338 3584; x_wconf 83' lang='lat' dir='ltr'>Piscatoris</span> <span class='ocrx_word' id='word_1_210' title='bbox 1354 3513 1413 3583; x_wconf 92' lang='lat' dir='ltr'>die</span> <span class='ocrx_word' id='word_1_211' title='bbox 1429 3533 1477 3582; x_wconf 86' lang='lat' dir='ltr'>xv</span> <span class='ocrx_word' id='word_1_212' title='bbox 1493 3514 1621 3583; x_wconf 90' lang='lat' dir='ltr'>lanua·</span> 
     </span>
     <span class='ocr_line' id='line_1_25' title="bbox 121 3634 1055 3707; baseline -0.002 -1"><span class='ocrx_word' id='word_1_213' title='bbox 121 3637 160 3707; x_wconf 93' lang='lat' dir='ltr'>rii</span> <span class='ocrx_word' id='word_1_214' title='bbox 182 3656 384 3707; x_wconf 77' lang='lat' dir='ltr'>mcccccxu</span> <span class='ocrx_word' id='word_1_215' title='bbox 409 3634 650 3706; x_wconf 84' lang='lat' dir='ltr'>Pontificatus</span> <span class='ocrx_word' id='word_1_216' title='bbox 674 3635 798 3706; x_wconf 89' lang='lat' dir='ltr'>Nostri</span> <span class='ocrx_word' id='word_1_217' title='bbox 823 3657 921 3706; x_wconf 90' lang='lat' dir='ltr'>auno</span> <span class='ocrx_word' id='word_1_218' title='bbox 944 3657 1055 3706; x_wconf 92' lang='lat' dir='ltr'>nono.</span> 
     </span>
    </p>
   </div>
   <div class='ocr_carea' id='block_1_5' title="bbox 217 3797 1579 3997">
    <p class='ocr_par' dir='ltr' id='par_1_6' title="bbox 217 3797 1579 3997">
     <span class='ocr_line' id='line_1_26' title="bbox 1033 3797 1579 3884; baseline 0.002 -17"><span class='ocrx_word' id='word_1_219' title='bbox 1033 3797 1076 3867; x_wconf 90' lang='lat' dir='ltr'>R.</span> <span class='ocrx_word' id='word_1_220' title='bbox 1107 3797 1218 3870; x_wconf 73' lang='lat' dir='ltr'>Cano.</span> <span class='ocrx_word' id='word_1_221' title='bbox 1244 3798 1373 3868; x_wconf 74' lang='lat' dir='ltr'>Munus</span> <span class='ocrx_word' id='word_1_222' title='bbox 1396 3819 1466 3868; x_wconf 82' lang='lat' dir='ltr'>uun</span> <span class='ocrx_word' id='word_1_223' title='bbox 1490 3799 1579 3884; x_wconf 72' lang='lat' dir='ltr'>Van,</span> 
     </span>
     <span class='ocr_line' id='line_1_27' title="bbox 217 3905 1486 3997; baseline -0.002 -19"><span class='ocrx_word' id='word_1_224' title='bbox 217 3910 255 3978; x_wconf 90' lang='lat' dir='ltr'>L.</span> <span class='ocrx_word' id='word_1_225' title='bbox 272 3910 319 3997; x_wconf 53' lang='grc' dir='ltr'>ἧς</span> <span class='ocrx_word' id='word_1_226' title='bbox 337 3907 376 3977; x_wconf 92' lang='lat' dir='ltr'>S.</span> <span class='ocrx_word' id='word_1_227' title='bbox 1130 3927 1154 3972; x_wconf 88' lang='lat' dir='ltr'>o</span> <span class='ocrx_word' id='word_1_228' title='bbox 1178 3905 1328 3975; x_wconf 79' lang='lat' dir='ltr'>Sacratis</span> <span class='ocrx_word' id='word_1_229' title='bbox 1350 3907 1486 3975; x_wconf 80' lang='lat' dir='ltr'>Status.</span> 
     </span>
    </p>
   </div>
   <div class='ocr_carea' id='block_1_6' title="bbox 729 4403 1024 4490">
    <p class='ocr_par' dir='ltr' id='par_1_7' title="bbox 729 4403 1024 4490">
     <span class='ocr_line' id='line_1_28' title="bbox 729 4403 1024 4490; baseline 0.007 -4"><span class='ocrx_word' id='word_1_230' title='bbox 729 4403 1024 4490; x_wconf 81' lang='lat' dir='ltr'><strong>EPISTOLA.</strong></span> 
     </span>
    </p>
   </div>
   <div class='ocr_carea' id='block_1_7' title="bbox 112 4600 1619 5030">
    <p class='ocr_par' dir='ltr' id='par_1_8' title="bbox 112 4600 1619 5030">
     <span class='ocr_line' id='line_1_29' title="bbox 112 4600 1618 4668; baseline -0.003 -14"><span class='ocrx_word' id='word_1_231' title='bbox 112 4609 156 4654; x_wconf 79' lang='lat' dir='ltr'>AD</span> <span class='ocrx_word' id='word_1_232' title='bbox 178 4604 483 4656; x_wconf 80' lang='lat' dir='ltr'>rr.r&gt;.1osu1²fluu</span> <span class='ocrx_word' id='word_1_233' title='bbox 514 4603 648 4667; x_wconf 63' lang='lat' dir='ltr'>Novus,</span> <span class='ocrx_word' id='word_1_234' title='bbox 672 4602 839 4652; x_wconf 72' lang='lat' dir='ltr'>sonabunt</span> <span class='ocrx_word' id='word_1_235' title='bbox 867 4602 1140 4668; x_wconf 76' lang='lat' dir='ltr'>DOMINIGANUM,</span> <span class='ocrx_word' id='word_1_236' title='bbox 1165 4601 1360 4652; x_wconf 76' lang='lat' dir='ltr'>Rucroucu</span> <span class='ocrx_word' id='word_1_237' title='bbox 1391 4600 1618 4651; x_wconf 75' lang='lat' dir='ltr'>Ponrrurulnn</span> 
     </span>
     <span class='ocr_line' id='line_1_30' title="bbox 211 4725 1617 4791; baseline -0.006 -10"><span class='ocrx_word' id='word_1_238' title='bbox 211 4730 431 4781; x_wconf 70' lang='lat' dir='ltr'>brumosum</span> <span class='ocrx_word' id='word_1_239' title='bbox 455 4726 729 4779; x_wconf 72' lang='lat' dir='ltr'>unlvuuslrnrls</span> <span class='ocrx_word' id='word_1_240' title='bbox 752 4727 968 4778; x_wconf 72' lang='lat' dir='ltr'>uuulunrtsls</span> <span class='ocrx_word' id='word_1_241' title='bbox 992 4728 1014 4776; x_wconf 77' lang='lat' dir='ltr'>A</span> <span class='ocrx_word' id='word_1_242' title='bbox 1039 4727 1176 4778; x_wconf 76' lang='lat' dir='ltr'>SANGTO</span> <span class='ocrx_word' id='word_1_243' title='bbox 1203 4727 1331 4777; x_wconf 82' lang='grc' dir='ltr'><strong>ΤΗΟΜΑ</strong></span> <span class='ocrx_word' id='word_1_244' title='bbox 1356 4725 1617 4791; x_wconf 75' lang='grc' dir='ltr'><strong>ΝΗΝΟΗΡΑΤΔΕ,</strong></span> 
     </span>
     <span class='ocr_line' id='line_1_31' title="bbox 218 4849 1619 4914; baseline -0.004 -10"><span class='ocrx_word' id='word_1_245' title='bbox 218 4854 424 4904; x_wconf 70' lang='lat' dir='ltr'>OCCASIONE</span> <span class='ocrx_word' id='word_1_246' title='bbox 448 4853 568 4903; x_wconf 74' lang='lat' dir='ltr'>TERTII</span> <span class='ocrx_word' id='word_1_247' title='bbox 599 4851 778 4903; x_wconf 74' lang='lat' dir='ltr'>EXEUNTIS</span> <span class='ocrx_word' id='word_1_248' title='bbox 807 4852 957 4902; x_wconf 71' lang='lat' dir='ltr'>saccum</span> <span class='ocrx_word' id='word_1_249' title='bbox 988 4853 1034 4902; x_wconf 71' lang='lat' dir='ltr'>EX</span> <span class='ocrx_word' id='word_1_250' title='bbox 1066 4851 1139 4914; x_wconf 81' lang='lat' dir='ltr'>Quo</span> <span class='ocrx_word' id='word_1_251' title='bbox 1171 4851 1251 4902; x_wconf 73' lang='lat' dir='ltr'>ipss</span> <span class='ocrx_word' id='word_1_252' title='bbox 1274 4849 1509 4901; x_wconf 81' lang='lat' dir='ltr'>UNIVFlRSITAS</span> <span class='ocrx_word' id='word_1_253' title='bbox 1532 4850 1619 4899; x_wconf 85' lang='lat' dir='ltr'>CON-</span> 
     </span>
     <span class='ocr_line' id='line_1_32' title="bbox 221 4979 427 5030; baseline 0 -2"><span class='ocrx_word' id='word_1_254' title='bbox 221 4980 307 5028; x_wconf 71' lang='lat' dir='ltr'>mun</span> <span class='ocrx_word' id='word_1_255' title='bbox 331 4979 427 5030; x_wconf 77' lang='lat' dir='ltr'><strong>FUIT.</strong></span> 
     </span>
    </p>
   </div>
   <div class='ocr_carea' id='block_1_8' title="bbox 117 5137 1630 5727">
    <p class='ocr_par' dir='ltr' id='par_1_9' title="bbox 117 5137 1630 5727">
     <span class='ocr_line' id='line_1_33' title="bbox 223 5137 1617 5228; baseline -0.002 -19"><span class='ocrx_word' id='word_1_256' title='bbox 223 5139 363 5210; x_wconf 84' lang='lat' dir='ltr'>Dilecto</span> <span class='ocrx_word' id='word_1_257' title='bbox 387 5138 453 5224; x_wconf 88' lang='lat' dir='ltr'>fili,</span> <span class='ocrx_word' id='word_1_258' title='bbox 479 5139 635 5210; x_wconf 88' lang='lat' dir='ltr'>salutem</span> <span class='ocrx_word' id='word_1_259' title='bbox 656 5143 692 5210; x_wconf 88' lang='lat' dir='ltr'>et</span> <span class='ocrx_word' id='word_1_260' title='bbox 718 5139 959 5228; x_wconf 89' lang='lat' dir='ltr'>apostolicam</span> <span class='ocrx_word' id='word_1_261' title='bbox 983 5139 1287 5210; x_wconf 89' lang='lat' dir='ltr'>benedictionem.</span> <span class='ocrx_word' id='word_1_262' title='bbox 1311 5177 1355 5186; x_wconf 93' lang='lat'><em>-</em></span> <span class='ocrx_word' id='word_1_263' title='bbox 1379 5137 1617 5207; x_wconf 89' lang='lat' dir='ltr'>llanilensem</span> 
     </span>
     <span class='ocr_line' id='line_1_34' title="bbox 118 5261 1619 5348; baseline 0 -17"><span class='ocrx_word' id='word_1_264' title='bbox 118 5263 326 5333; x_wconf 88' lang='lat' dir='ltr'>studiorum</span> <span class='ocrx_word' id='word_1_265' title='bbox 349 5261 649 5348; x_wconf 84' lang='lat' dir='ltr'>Universitatem,</span> <span class='ocrx_word' id='word_1_266' title='bbox 673 5266 857 5333; x_wconf 85' lang='lat' dir='ltr'>vetustam</span> <span class='ocrx_word' id='word_1_267' title='bbox 881 5284 922 5333; x_wconf 89' lang='lat' dir='ltr'>ac</span> <span class='ocrx_word' id='word_1_268' title='bbox 946 5263 1108 5333; x_wconf 92' lang='lat' dir='ltr'>nobilem</span> <span class='ocrx_word' id='word_1_269' title='bbox 1124 5261 1373 5333; x_wconf 89' lang='lat' dir='ltr'>doctrinarum</span> <span class='ocrx_word' id='word_1_270' title='bbox 1390 5262 1526 5346; x_wconf 90' lang='lat' dir='ltr'>sedem,</span> <span class='ocrx_word' id='word_1_271' title='bbox 1551 5262 1619 5331; x_wconf 92' lang='lat' dir='ltr'>sol-</span> 
     </span>
     <span class='ocr_line' id='line_1_35' title="bbox 117 5386 1618 5478; baseline 0.002 -24"><span class='ocrx_word' id='word_1_272' title='bbox 117 5387 255 5459; x_wconf 90' lang='lat' dir='ltr'>lemnia</span> <span class='ocrx_word' id='word_1_273' title='bbox 277 5409 408 5476; x_wconf 86' lang='lat' dir='ltr'>parare</span> <span class='ocrx_word' id='word_1_274' title='bbox 425 5387 474 5457; x_wconf 93' lang='lat' dir='ltr'>ob</span> <span class='ocrx_word' id='word_1_275' title='bbox 491 5387 679 5458; x_wconf 88' lang='lat' dir='ltr'>conditum</span> <span class='ocrx_word' id='word_1_276' title='bbox 696 5387 843 5458; x_wconf 86' lang='lat' dir='ltr'>tertium</span> <span class='ocrx_word' id='word_1_277' title='bbox 860 5389 1047 5459; x_wconf 88' lang='lat' dir='ltr'>saeculum</span> <span class='ocrx_word' id='word_1_278' title='bbox 1064 5409 1108 5458; x_wconf 84' lang='lat' dir='ltr'>ex</span> <span class='ocrx_word' id='word_1_279' title='bbox 1121 5409 1195 5478; x_wconf 88' lang='lat' dir='ltr'>quo</span> <span class='ocrx_word' id='word_1_280' title='bbox 1211 5409 1293 5459; x_wconf 89' lang='lat' dir='ltr'>esse</span> <span class='ocrx_word' id='word_1_281' title='bbox 1316 5387 1447 5476; x_wconf 91' lang='lat' dir='ltr'>coepit,</span> <span class='ocrx_word' id='word_1_282' title='bbox 1463 5386 1618 5457; x_wconf 87' lang='lat' dir='ltr'>libenter</span> 
     </span>
     <span class='ocr_line' id='line_1_36' title="bbox 119 5511 1630 5607; baseline 0.001 -26"><span class='ocrx_word' id='word_1_283' title='bbox 119 5512 265 5600; x_wconf 85' lang='lat' dir='ltr'>quidem</span> <span class='ocrx_word' id='word_1_284' title='bbox 289 5513 513 5603; x_wconf 86' lang='lat' dir='ltr'>accepimus.</span> <span class='ocrx_word' id='word_1_285' title='bbox 529 5513 670 5583; x_wconf 90' lang='lat' dir='ltr'>Retulit</span> <span class='ocrx_word' id='word_1_286' title='bbox 692 5513 729 5583; x_wconf 88' lang='lat' dir='ltr'>id</span> <span class='ocrx_word' id='word_1_287' title='bbox 753 5513 868 5582; x_wconf 91' lang='lat' dir='ltr'>Nobis</span> <span class='ocrx_word' id='word_1_288' title='bbox 884 5513 1118 5602; x_wconf 87' lang='lat' dir='ltr'>Apostolicus</span> <span class='ocrx_word' id='word_1_289' title='bbox 1134 5514 1331 5603; x_wconf 87' lang='lat' dir='ltr'>Delegatus</span> <span class='ocrx_word' id='word_1_290' title='bbox 1348 5513 1386 5582; x_wconf 93' lang='lat' dir='ltr'>in</span> <span class='ocrx_word' id='word_1_291' title='bbox 1399 5511 1630 5607; x_wconf 76' lang='lat' dir='ltr'>Philippicis¹</span> 
     </span>
     <span class='ocr_line' id='line_1_37' title="bbox 121 5635 1618 5727; baseline 0 -24"><span class='ocrx_word' id='word_1_292' title='bbox 121 5635 264 5722; x_wconf 76' lang='lat' dir='ltr'>lnsulis</span> <span class='ocrx_word' id='word_1_293' title='bbox 279 5639 373 5711; x_wconf 86' lang='lat' dir='ltr'>illud</span> <span class='ocrx_word' id='word_1_294' title='bbox 388 5642 581 5727; x_wconf 89' lang='lat' dir='ltr'>practerea</span> <span class='ocrx_word' id='word_1_295' title='bbox 596 5637 783 5722; x_wconf 89' lang='lat' dir='ltr'>adiiciens,</span> <span class='ocrx_word' id='word_1_296' title='bbox 800 5637 900 5726; x_wconf 91' lang='lat' dir='ltr'>quod</span> <span class='ocrx_word' id='word_1_297' title='bbox 916 5643 1124 5727; x_wconf 90' lang='lat' dir='ltr'>pergratum</span> <span class='ocrx_word' id='word_1_298' title='bbox 1141 5637 1349 5722; x_wconf 90' lang='lat' dir='ltr'>habuimus,</span> <span class='ocrx_word' id='word_1_299' title='bbox 1363 5635 1500 5707; x_wconf 87' lang='lat' dir='ltr'>indicta</span> <span class='ocrx_word' id='word_1_300' title='bbox 1515 5635 1618 5704; x_wconf 89' lang='lat' dir='ltr'>uimi-</span> 
     </span>
    </p>
   </div>
   <div class='ocr_carea' id='block_1_9' title="bbox 0 0 2064 6278">
    <p class='ocr_par' dir='ltr' id='par_1_10' title="bbox 0 0 2064 6278">
     <span class='ocr_line' id='line_1_38' title="bbox 0 0 2064 6278; baseline 0 0"><span class='ocrx_word' id='word_1_301' title='bbox 0 0 2064 6278; x_wconf 95' lang='lat' dir='ltr'> </span> 
     </span>
    </p>
   </div>
  </div>
 </body>
</html>
