4120 6284
837 443 913 497 Acta
932 442 986 496 Pa·
1005 443 1068 498 PP.
1089 443 1127 500 X.
1693 441 1728 499 111

217 533 696 546 —·—-—————————
1341 539 1728 552 n————n-—-

480 804 679 874 Mausoli.
699 845 715 856 -
734 806 794 877 De
817 808 999 896 delegato
1022 809 1072 876 ad
1098 828 1238 895 agrum
1261 829 1482 878 romanum.

326 1051 389 1126 57.
413 1053 486 1128 Ad
509 1051 650 1152 aptius
671 1053 980 1131 consulendum
1001 1055 1054 1131 iis
1075 1054 1150 1154 qui
1171 1054 1216 1131 in
1237 1077 1413 1133 romano
1435 1077 1535 1155 agro
1557 1075 1709 1132 versan

225 1181 307 1268 tur,
334 1200 473 1279 usque
498 1179 601 1256 dum
624 1181 866 1278 praesentes
884 1179 1147 1258 conditiones
1170 1203 1313 1258 rarum
1336 1179 1583 1270 subsistant,
1610 1180 1727 1257 volu-

228 1327 324 1380 mus
345 1326 396 1380 ac
416 1304 697 1394 decernimus,
721 1307 770 1382 ut
786 1306 866 1383 sub
887 1305 1128 1384 Cardinalis
1148 1309 1189 1384 et
1209 1305 1454 1384 Adsessoris
1475 1306 1726 1383 auctoritate

229 1453 277 1506 ac
300 1432 413 1506 nutu
439 1430 635 1509 sacerdos
659 1432 880 1520 habeatur,
909 1432 984 1531 qui
1008 1453 1155 1510 curam
1180 1431 1371 1531 proxime
1397 1433 1553 1510 habeat
1578 1455 1725 1510 earum

228 1579 367 1632 rerum
386 1557 584 1634 omnium
602 1579 710 1657 quae
729 1559 775 1633 in
793 1559 941 1635 eodem
960 1581 1060 1658 agro
1079 1557 1135 1636 ad
1154 1559 1255 1635 cleri
1273 1562 1314 1636 et
1331 1559 1524 1636 fidelium
1544 1559 1725 1635 salutem

228 1705 274 1759 ac
295 1682 575 1782 disciplinam
597 1683 861 1760 decernenda
882 1685 1149 1784 gerendaque
1172 1685 1283 1762 sunt.

328 1809 570 1887 Vocabitur
582 1810 800 1908 delegatus
814 1810 869 1887 ad
884 1833 1033 1911 agrum
1047 1833 1290 1898 romanum;
1305 1811 1479 1910 eiusque
1494 1812 1641 1889 electio
1656 1811 1727 1887 fiet

226 1959 251 2012 a
273 1934 501 2013 Cardinali
524 1935 694 2013 Vicario
716 1958 814 2012 cum
836 1936 1140 2036 approbatione
1164 1935 1328 2012 Summi
1351 1935 1582 2014 Pontifiois.

848 2234 1001 2320 Garun
1034 2236 1111 2319 Ill.

697 2473 701 2480 ι
777 2394 968 2454 osricum
990 2393 1180 2452 rannus.

700 2507 758 2586 De
787 2504 1036 2586 iudiciariis
1063 2506 1262 2608 negotiis.

323 2735 386 2809 58.
414 2729 674 2810 Ordinarius
695 2733 737 2809 et
759 2731 912 2808 unicus
934 2731 1064 2809 iudex
1087 2731 1249 2831 primae
1271 2732 1503 2810 instantiae
1526 2731 1571 2808 in
1594 2733 1727 2809 omni·
1802 2748 1805 2754 ·

232 2861 305 2936 bus
328 2860 474 2936 causis
496 2881 607 2959 quae
630 2857 746 2958 apud
768 2857 908 2934 iorum
931 2857 1264 2935 ecclesiasticum
1287 2859 1505 2934 Romanae
1527 2857 1730 2936 dioecesis

233 2983 299 3080 agi
327 2985 521 3082 possunt,
551 2981 739 3082 quolibet
767 2981 850 3058 alio
879 2980 1086 3058 tribunali
1114 2983 1156 3058 et
1183 2979 1476 3059 iurisdictione
1504 2981 1725 3082 hucusque

232 3106 401 3205 vigente
422 3105 674 3204 suppressis,
697 3105 777 3180 erit
798 3105 888 3203 ipse
912 3103 1152 3182 Cardinalis
1175 3103 1302 3181 Urbis
1324 3103 1532 3182 Vioarius.

332 3231 393 3304 59.
416 3229 498 3324 Qui
517 3233 661 3306 tamen
680 3251 765 3304 non
784 3228 874 3326 ipse
894 3250 969 3327 per
988 3251 1031 3304 se
1048 3250 1198 3305 causas
1217 3228 1392 3318 videbit,
1415 3228 1499 3306 nisi
1518 3229 1728 3328 expressis

237 3355 374 3433 verbis
393 3356 439 3432 in
458 3354 602 3455 aliquo
621 3376 723 3432 casu
741 3354 794 3431 ob
813 3352 1048 3455 peculiares
1068 3355 1254 3431 rationes
1273 3353 1354 3431 sibi
1374 3352 1419 3430 id
1439 3359 1728 3444 reservaveris

232 3481 304 3557 sed
324 3502 399 3579 per
418 3502 546 3556 suum
564 3479 827 3566 Auditorem,
847 3477 922 3577 qui
941 3500 1093 3577 nempe
1114 3500 1240 3554 suum
1260 3477 1400 3554 locum
1419 3477 1465 3553 in
1485 3500 1530 3562 re
1550 3477 1726 3555 iudicia-

235 3605 297 3682 ria.
318 3607 463 3682 teneat
483 3607 525 3681 et
544 3627 681 3680 unum
700 3602 891 3681 tribunal
911 3625 1009 3680 cum
1030 3625 1079 3680 eo
1099 3604 1343 3691 constituat,
1366 3605 1525 3704 quique
1545 3606 1595 3680 ut
1616 3603 1726 3680 dioe-

234 3753 411 3808 cesanae
433 3752 633 3807 romanae
655 3729 796 3806 curiae
820 3726 1021 3824 officialis
1043 3726 1280 3804 habebitur.

333 3853 396 3928 66.
420 3852 515 3951 Ipse
535 3873 635 3928 vero
655 3871 807 3927 causas
826 3848 1079 3926 iudicandas
1099 3870 1186 3926 non
1206 3852 1408 3938 assumet,
1430 3849 1515 3927 nisi
1535 3848 1656 3948 prius
1676 3849 1728 3925 de

234 4003 277 4057 rs
292 3979 485 4057 docuerit
501 3975 773 4056 cardinalem
789 3975 917 4054 Urbis
932 3973 1163 4052 Vicarium.
1181 3975 1273 4070 Quo
1288 3977 1504 4053 annuente
1521 3974 1729 4053 iudicium

237 4104 444 4191 instituet,
464 4105 507 4179 et
523 4123 658 4200 usque
677 4099 732 4177 ad
752 4099 1007 4176 sententiam
1027 4097 1294 4174 definitivam
1314 4098 1526 4198 perducet,
1548 4101 1727 4176 servatis

234 4228 473 4306 communis
488 4227 594 4304 iuris
610 4226 781 4328 regulis.

333 4359 396 4431 61.
425 4356 493 4431 Ad
517 4377 616 4432 eum
637 4354 877 4432 reservatur
901 4374 1069 4450 quoque
1094 4349 1304 4427 iudicium
1330 4350 1381 4427 de
1407 4348 1728 4449 quaestionibus

237 4482 502 4564 funeratioiis
542 4481 721 4582 aliisque
743 4501 852 4580 quae
875 4476 1109 4555 Camerarii
1150 4475 1250 4553 cleri
1292 4474 1513 4576 hucusque
1555 4475 1728 4574 propria

236 4611 368 4696 erant,
394 4605 517 4684 cuius
543 4602 719 4705 proinde
744 4601 927 4679 officium
952 4603 995 4678 et
1021 4597 1259 4676 iurisdictio
1286 4618 1514 4697 suppressa
1539 4596 1726 4672 manent.

332 4735 396 4808 62.
423 4729 623 4808 Auditori
649 4727 820 4806 dabitur
842 4726 1011 4802 adiutor
1023 4722 1290 4811 substitutus,
1308 4721 1430 4798 cuius
1446 4721 1593 4799 electio
1612 4721 1730 4799 Sum-

238 4882 304 4937 mo
325 4855 526 4936 Pontifici
549 4854 798 4932 reservatur.

333 4984 395 5058 63.
420 4979 465 5058 Si
484 5001 571 5079 qua
591 4999 720 5054 causa
739 4998 792 5053 ex
811 4973 917 5052 iuris
936 4994 1087 5054 norma
1106 4993 1192 5047 non
1211 4968 1264 5046 ab
1284 4991 1370 5046 uno
1391 4965 1531 5043 iudice
1553 4961 1608 5039 sit
1629 4956 1727 5037 defi-

235 5110 400 5200 nienda,
426 5108 502 5186 sed
523 5128 549 5182 a
570 5101 774 5181 tribunali
796 5099 1017 5200 collegiali,
1042 5097 1172 5175 huius
1189 5116 1358 5193 praeses
1380 5089 1460 5168 erit
1480 5089 1571 5188 ipse
1593 5081 1726 5161 Audi-

235 5239 306 5326 tor,
333 5235 419 5313 nisi
445 5229 688 5312 Cardinalis
713 5225 910 5304 Vicarius
934 5226 1002 5301 ius
1027 5219 1297 5323 praesidendi
1323 5216 1405 5295 sibi
1431 5207 1723 5292 reservaverit.

322 5365 383 5440 64.
420 5356 587 5438 Electio
616 5377 775 5442 eorum,
796 5352 870 5454 qui
900 5351 945 5426 in
975 5346 1180 5426 tribunali
1214 5342 1422 5444 collegiali
1454 5338 1726 5418 coniadicum

229 5494 355 5572 cilicio
377 5484 637 5586 fungantur,
660 5480 836 5564 Summo
857 5475 1056 5554 Pontifici
1077 5473 1329 5552 reservatur.
1353 5467 1472 5543 Inter
1514 5481 1584 5538 eos
1625 5477 1725 5534 vero
