4038 6274
380 436 431 492 110
678 438 755 492 Acta
775 436 965 506 Apostolicaa
984 435 1082 492 811111.
1100 461 1119 475 -
1141 435 1401 492 Gommmturium
1422 437 1564 504 officiata.

379 619 451 692 diei
475 622 497 691 9
520 621 595 692 iun.
622 623 722 715 1909)
748 626 784 692 11
807 621 995 711 negotium
1019 619 1203 691 commisit
1226 620 1313 691 huic
1337 623 1372 692 S.
1395 623 1437 694 Ο.
1455 622 1524 691 sub
1548 620 1715 691 clausula
1738 649 1756 684 ‹
1774 619 1876 690 utri-

381 775 399 808 «
417 747 528 818 deant
552 768 683 818 omncs
701 775 731 817 ».
757 747 876 817 Hodie
893 745 1062 836 quaestio
1086 745 1306 835 proponitur
1322 747 1391 817 sub
1408 746 1479 816 hac
1494 745 1686 816 dubitandi
1706 745 1876 816 formula:

483 899 501 934 ‹
519 872 577 940 Aa
599 874 729 940 constet
752 873 795 938 de
818 872 987 938 nullitate
1010 871 1222 939 matrimoni
1244 873 1287 937 in
1310 867 1480 938 00111Ρὴ

484 995 526 1064 11
551 995 774 1065 solutionem
799 995 905 1065 cuius
929 993 1169 1084 quaestionis,
1194 994 1240 1063 ad
1263 999 1402 1080 sactum
1424 996 1522 1084 quod
1545 993 1676 1064 attinet
1699 999 1735 1063 et
1757 995 1876 1083 quoad

378 1123 485 1208 fidem
509 1121 718 1191 habendam
742 1118 879 1190 tabulis
911 1119 1221 1208 processualibus,
1245 1119 1373 1190 Patres
1404 1119 1496 1190 haec
1527 1119 1876 1189 animadverterunt:

485 1247 528 1316 1.ο
554 1244 794 1335 Coniugalem
818 1245 930 1315 vitam
955 1246 1111 1315 durasse
1133 1265 1227 1334 pene
1244 1244 1372 1335 viginti
1396 1247 1580 1330 annos,'et
1595 1266 1618 1314 a
1633 1249 1750 1314 morte
1766 1243 1878 1333 patris

381 1370 546 1440 Nataliae
572 1375 700 1440 secuta
724 1359 821 1439 anno
849 1370 945 1454 1891,
969 1368 1077 1458 quasi
1101 1367 1295 1438 duodecim
1320 1389 1459 1453 annos;
1484 1367 1628 1438 interim
1652 1367 1799 1458 genitus
1825 1373 1879 1437 est

381 1496 493 1584 (anno
512 1495 613 1584 1895)
630 1495 786 1565 Michattl
808 1493 1036 1564 novissimus
1051 1492 1161 1563 filius.
1186 1492 1306 1563 Omne
1323 1493 1514 1583 coniugale
1530 1493 1754 1562 consortium
1774 1494 1879 1562 abru-

380 1619 434 1706 pit
456 1640 556 1689 anno
583 1620 888 1689 metanoeam
911 1618 962 1688 ita
986 1618 1122 1687 dictum
1148 1621 1259 1703 eicite,
1279 1616 1515 1706 impetratum
1539 1637 1562 1686 a
1585 1617 1731 1687 Natalia
1745 1637 1821 1687 non
1836 1638 1878 1685 ex

380 1763 512 1814 caussa
543 1749 664 1814 metus
698 1743 764 1814 sed
800 1764 844 1814 111
877 1763 1010 1812 caussa
1044 1741 1263 1813 desertionis
1296 1742 1374 1811 viri.
1406 1741 1551 1811 Natalia
1584 1747 1720 1811 testata
1750 1746 1808 1812 est
1841 1761 1878 1810 se

379 1869 510 1938 tandiu
527 1869 715 1939 distulisse
732 1889 837 1939 suam
855 1868 1037 1938 actionem
1053 1867 1093 1936 in
1109 1868 1188 1937 foro
1205 1866 1400 1951 Ecclesiae,
1416 1866 1504 1955 quia
1520 1867 1713 1957 ignorabat
1729 1887 1880 1937 caussas

380 1992 561 2063 nullitatis
584 1993 664 2063 initi
687 1993 867 2083 coniugii:
893 1997 929 2063 11
950 1993 1048 2076 hinc,
1073 1990 1274 2077 bonafide,
1298 1993 1336 2061 in
1361 1991 1459 2061 civili
1482 1993 1562 2062 foro
1577 1991 1684 2062 aliam
1704 1991 1880 2081 allegasse

381 2138 550 2188 caussam
576 2117 692 2207 magis
716 2117 859 2188 facilem
876 2122 914 2187 et
930 2116 1138 2206 expeditam
1162 2137 1229 2205 pro
1249 2137 1318 2187 sua
1341 2116 1556 2187 intentione.
1581 2116 1693 2206 Atqui
1709 2115 1882 2186 omnibus

381 2243 583 2332 perpensis,
607 2264 684 2314 non
706 2242 853 2312 videtur
874 2242 985 2312 fidem
1009 2242 1266 2331 denegandam
1290 2263 1372 2312 esse
1397 2241 1529 2312 Actrici
1559 2243 1651 2314 haec
1682 2237 1880 2311 asserenti:

381 2367 468 2455 quia
490 2387 574 2437 raro
597 2365 772 2438 usuvenit
795 2366 896 2455 quod
927 2364 1112 2435 foeminae
1145 2364 1378 2454 potissimum
1405 2365 1476 2435 1111
1503 2387 1655 2436 caussas
1682 2364 1882 2435 canonicae

380 2490 561 2560 nullitatis
584 2490 623 2560 in
647 2489 891 2560 matrimoniis
915 2495 1150 2579 cognoscant.

484 2615 530 2687 b?
554 2615 666 2686 Curia
688 2614 948 2703 Vesaprimien.
973 2635 1068 2703 quae
1096 2615 1258 2686 maxima
1281 2614 1406 2685 iudicii
1430 2615 1635 2704 integritate
1659 2636 1736 2684 rem
1762 2614 1882 2702 primo

380 2740 504 2831 gessit,
520 2739 601 2809 visa
624 2745 680 2810 est
697 2738 781 2810 duci
799 2759 842 2810 aa
857 2739 996 2828 regula,
1019 2760 1151 2827 nempe
1175 2739 1472 2829 consanguineos
1487 2744 1521 2810 01
1539 2739 1739 2810 familiares
1754 2739 1883 2810 haberi

381 2869 574 2953 suspectos
591 2863 629 2932 in
646 2862 724 2934 suis
744 2835 1045 2933 attestationibus
1061 2863 1109 2933 ob
1125 2861 1281 2932 nimium
1299 2863 1476 2933 interesse
1492 2862 1630 2933 morale
1646 2864 1683 2932 in
1700 2883 1885 2947 caussam,

382 2995 419 3061 11
445 2989 516 3060 hac
547 2988 591 3058 de
620 2986 772 3073 ratione,
801 2987 857 3057 uti
888 2987 1067 3058 coniicere
1099 2989 1156 3057 111
1188 2992 1258 3072 111,
1289 2988 1409 3058 vocati
1440 3008 1515 3057 non
1543 2988 1702 3058 suntad
1726 3009 1882 3058 examen

382 3113 537 3185 Actricis
563 3093 710 3183 sor'ores
733 3111 869 3201 aliique
901 3111 1175 3201 consanguinei.
1200 3113 1325 3182 Matris
1351 3117 1487 3197 autem,
1510 3117 1638 3201 utpote
1671 3111 1885 3183 infirmitate

383 3238 580 3327 impeditae
605 3236 725 3328 (cuius
749 3236 990 3306 adnitendum
1008 3240 1087 3305 erat
1110 3237 1210 3306 domi
1226 3235 1394 3325 excipere
1419 3236 1706 3325 attestationem)
1726 3236 1888 3306 habetur

363 3362 421 3432 ·in
444 3361 547 3432 Actis
571 3361 707 3449 scripta
730 3360 940 3446 declaratio,
963 3359 1107 3430 reddita
1130 3365 1295 3448 tempore
1315 3359 1447 3449 prioris
1464 3381 1660 3449 processus
1676 3381 1772 3449 quae
1790 3360 1887 3431 iura-

384 3488 497 3558 menti
522 3488 593 3557 lide
617 3485 834 3556 confirmata
856 3507 930 3554 non
956 3490 1021 3555 est.
1047 3485 1126 3555 Hac
1150 3485 1195 3554 de
1218 3486 1360 3556 ratione
1377 3485 1488 3556 Curia
1512 3485 1700 3556 Sabarien.
1724 3486 1887 3557 necessi·

382 3616 458 3682 tate
482 3613 632 3682 inducta
656 3615 713 3681 est
735 3631 875 3680 novum
898 3630 1113 3698 processum
1138 3609 1366 3680 conficiendi.

445 3755 450 3766 ·
487 3735 533 3806 3?
555 3736 609 3805 Ex
640 3734 755 3805 totius
785 3755 939 3805 caussae
971 3733 1063 3804 actis
1094 3735 1253 3822 erumpit
1288 3736 1488 3805 maximum
1523 3737 1682 3824 partium
1719 3735 1884 3806 studium

384 3860 583 3932 excitatum
608 3859 721 3930 luisse
745 3859 846 3948 quod
869 3857 1108 3947 consequitur
1132 3879 1286 3928 caussae
1309 3879 1546 3949 progressum
1570 3866 1607 3930 11
1630 3858 1780 3930 exitum.
1807 3859 1887 3928 Hoc

384 3985 537 4074 contigit
560 3983 696 4054 nedum
730 3984 819 4073 quia
853 3983 1024 4067 familiae,
1049 3983 1094 4052 de
1129 3983 1266 4072 quibus
1300 4005 1360 4053 res
1383 3991 1462 4070 est,
1485 3985 1686 4073 principem
1714 3984 1889 4054 obtinent

384 4111 504 4182 locum
523 4109 724 4181 incivitate
749 4108 979 4199 Hungarica;
1004 4108 1070 4178 sed
1094 4108 1203 4179 etiam
1227 4107 1316 4198 quia
1334 4110 1496 4180 rationes
1520 4110 1718 4180 hodiernae
1741 4115 1888 4180 contro-

385 4236 524 4307 versiae
548 4256 592 4305 ex
618 4234 664 4304 iis
688 4239 776 4303 sunt
798 4255 893 4322 quae
917 4239 1075 4324 tangunt
1097 4234 1266 4304 intimum
1292 4239 1428 4305 statum
1453 4235 1680 4320 familiarem,
1697 4241 1733 4304 et
1756 4235 1795 4304 in
1814 4255 1888 4304 me-

385 4364 487 4433 dium
511 4366 646 4430 vocant
670 4360 766 4429 11011
789 4359 992 4430 domestica
1016 4359 1213 4430 secretiora
1236 4360 1438 4448 eademque
1458 4381 1534 4430 non
1557 4359 1769 4430 laudabilia.
1796 4360 1888 4429 Inde

386 4489 520 4558 factum
547 4490 604 4556 111
627 4490 669 4555 11
691 4485 882 4554 veritatem
908 4485 1075 4575 detegere
1100 4485 1147 4554 sit
1163 4485 1306 4555 difficile
1330 4485 1530 4575 negotium,
1547 4485 1713 4556 1111111111
1730 4485 1888 4568 Primas,

385 4618 470 4704 post
493 4617 653 4700 quatuor
687 4609 816 4679 sedulo
852 4615 889 4679 et
921 4609 1152 4698 integerrime
1187 4611 1351 4699 expletas
1386 4609 1575 4680 iudiciales
1610 4609 1822 4694 instantias,
1850 4611 1886 4679 11

385 4736 506 4809 citatis
528 4733 660 4803 litteris
684 4752 834 4802 causam
869 4738 976 4802 vocet
1009 4713 1271 4818 difficillimam.
1309 4732 1415 4802 Iuvat
1449 4734 1495 4803 ad
1530 4754 1605 4802 rem
1630 4733 1765 4803 referre
1791 4755 1888 4824 quae

385 4861 497 4931 habet
521 4855 704 4929 sententia
727 4855 927 4940 Sabarien.,
951 4878 1046 4945 quae
1071 4858 1238 4945 professa
1261 4862 1318 4926 est
1341 4876 1380 4926 se
1404 4858 1539 4927 sentire
1564 4887 1582 4922 ‹
1600 4857 1783 4927 influxum
1801 4857 1888 4928 1111-

387 5015 405 5050 «
422 5007 503 5056 rum
539 4981 898 5054 circumstantiarum
930 4982 1210 5051 conturbantem
1235 4982 1435 5070 quominus
1464 4982 1643 5052 nonnulla
1674 4983 1771 5052 facta
1801 5005 1886 5054 cum

386 5143 404 5176 «
422 5113 493 5182 hoc
518 5106 751 5178 matrimonio
775 5105 982 5191 coniuncta,
1006 5106 1074 5175 rite
1098 5107 1341 5176 innotescant.
1367 5106 1672 5178 circumstantiae
1689 5113 1778 5178 sunt
1794 5109 1887 5179 hac:

329 5321 332 5328 Ι
388 5268 404 5300 «
424 5239 450 5306 l.
476 5235 656 5305 Aladarus
681 5254 700 5302 1
725 5231 930 5301 comitibus
955 5231 1155 5318 Szecbenyi
1178 5231 1263 5301 licet
1286 5233 1423 5320 pluries
1447 5233 1582 5303 citatus
1602 5234 1659 5319 sit,
1674 5233 1759 5304 licet
1778 5236 1887 5305 Prae·

387 5359 576 5433 «sidentis
600 5357 712 5426 huius
737 5355 947 5424 Tribunalis
981 5357 1095 5426 verbo
1129 5363 1239 5426 tenus
1262 5357 1300 5426 id
1323 5357 1463 5428 iteratis
1486 5358 1628 5428 vicibus
1663 5360 1888 5447 promiserit,

389 5518 407 5551 a
423 5487 508 5556 licet
530 5483 568 5553 in
591 5482 662 5552 hoc
686 5501 863 5568 processu
886 5500 950 5568 per
974 5499 1013 5549 se
1038 5486 1073 5550 et
1096 5481 1238 5550 ratione
1262 5480 1464 5552 litterarum
1497 5480 1613 5570 ipsius
1646 5483 1694 5552 sit
1725 5484 1887 5555 maxime
