4038 6274
377 445 429 504 156
686 451 764 507 Actu
782 452 972 521 apostoticae
990 453 1087 510 Sedis.
1109 481 1126 495 ν·
1147 454 1408 511 Commentariun
1428 456 1569 523 officiale.

376 636 422 707 de
447 636 657 708 conditione
680 637 875 726 loquutum
898 636 1013 708 tuisse
1037 638 1213 708 loannem
1229 638 1268 708 in
1284 661 1353 710 sua
1369 640 1614 728 attestatione,
1639 662 1684 712 ex
1707 663 1776 712 sua
1789 643 1865 712 sub

375 761 508 832 iectiva
530 761 781 852 persuasione,
808 783 885 832 non
915 762 1065 851 quidem
1095 783 1141 833 ex
1172 763 1268 834 facto
1300 765 1402 854 quod
1431 787 1559 836 revera
1589 765 1686 836 hanc
1713 771 1865 836 mentem

376 886 467 958 satis
491 890 615 974 aperte
639 885 748 956 Anna
771 885 1040 976 significaverit.
1065 886 1272 975 Coeterum,
1296 889 1385 978 quia
1409 889 1540 960 loanni
1570 895 1628 960 est
1654 888 1764 960 hodie
1793 911 1867 980 per-

375 1031 529 1081 suasum
546 1050 565 1062 -
582 1015 619 1081 et
633 1009 706 1081 huc
723 1014 865 1099 spectat
881 1031 950 1081 sua
965 1011 1153 1082 attestatio
1170 1050 1189 1064 ·
1206 1017 1482 1084 controversum
1500 1013 1775 1084 matrimonium
1791 1035 1868 1085 esse

375 1134 529 1218 nullum,
553 1134 685 1205 mirum
709 1154 785 1205 non
801 1140 858 1206 est
874 1135 905 1206 si
920 1156 1013 1206 usus
1029 1135 1078 1206 sit
1092 1157 1136 1206 ea
1153 1135 1307 1207 iuridica
1322 1137 1520 1208 verborum
1543 1137 1780 1227 conceptione
1798 1159 1869 1227 qua

374 1265 530 1330 utuntur
546 1258 795 1330 iurisconsulti
811 1261 860 1330 ad
876 1259 1158 1350 significandum
1183 1261 1366 1332 defectum
1389 1235 1594 1334 consensus
1610 1261 1869 1333 contrahentis.

377 1385 484 1470 Sane,
508 1384 582 1454 iam
607 1383 650 1455 15
673 1391 710 1455 et
732 1384 892 1474 amplius
916 1385 1003 1455 anni
1026 1384 1159 1473 dilapsi
1180 1390 1285 1456 erant
1300 1387 1347 1456 ab
1364 1386 1456 1458 inito
1472 1387 1707 1457 matrimonio
1724 1387 1869 1477 quando

375 1509 534 1580 Ioannes
556 1509 653 1581 hano
669 1508 941 1580 attestationem
964 1507 1143 1580 faciebat:
1167 1514 1359 1599 poteratne
1383 1511 1463 1600 ipse
1478 1516 1661 1582 certorum
1676 1511 1870 1582 verborum

374 1634 517 1705 firmam
540 1634 677 1704 habere
701 1632 927 1719 memoriam,
944 1655 992 1704 an
1008 1655 1142 1723 nempe
1165 1635 1274 1705 Anna
1290 1636 1336 1706 de
1351 1634 1507 1725 simplici
1531 1655 1686 1706 emoneo
1700 1634 1871 1725 opinione

373 1760 530 1850 loquuta
552 1759 611 1846 sit,
633 1765 676 1830 ut
697 1759 861 1829 referunt
891 1760 1025 1830 coeteri
1055 1763 1184 1845 testes,
1215 1781 1264 1830 an
1295 1781 1382 1830 vero
1413 1761 1459 1832 de
1489 1783 1575 1830 vero
1597 1759 1806 1845 mnditiorte,
1832 1765 1872 1830 ut

373 1905 473 1955 unus
505 1883 663 1954 Ioannes
694 1883 903 1953 memorati
928 1883 978 1954 Μ’
1000 1881 1123 1969 Quare
1154 1883 1203 1954 ad
1233 1905 1437 1970 summum,
1460 1884 1612 1955 dubiem
1642 1905 1721 1954 rem
1753 1884 1872 1954 dicere

373 2009 572 2080 dehemus:
596 2007 696 2079 unde
718 2011 914 2096 propterea
937 2007 1212 2078 matrimonium
1236 2008 1346 2096 plena
1372 2008 1444 2078 frui
1474 2007 1710 2097 possessione
1733 2007 1773 2077 in
1797 2006 1874 2077 the-

374 2139 482 2220 mate,
505 2153 615 2203 nemo
640 2131 823 2222 ambigere
847 2136 979 2222 potest.

477 2257 645 2348 Denique
657 2258 930 2346 perpenderunt
942 2257 1089 2328 Domini
1104 2279 1181 2328 non
1194 2259 1324 2330 deesse
1338 2257 1520 2329 rationem
1537 2257 1745 2328 firmitatem
1761 2256 1876 2327 vindi·

374 2382 480 2455 candi
504 2382 590 2453 huic
613 2380 861 2466 matrimonio,
876 2380 945 2450 etsi
962 2381 1112 2452 daretur
1127 2381 1373 2453 conditionem
1398 2381 1512 2452 luisse
1536 2379 1756 2470 appositam.
1782 2379 1875 2454 Nam

374 2506 586 2596 coniugium
602 2505 671 2576 iuit
694 2503 952 2576 Neo-Eboraci
976 2505 1201 2577 celebratum
1216 2507 1280 2577 uhi
1297 2511 1409 2596 caput
1432 2535 1451 2570 «
1464 2505 1627 2576 Tametsi
1640 2533 1658 2570 »
1683 2527 1763 2576 non
1783 2505 1876 2594 vige
2001 2524 2006 2533 ·

374 2633 458 2717 bat;
483 2635 519 2702 et
540 2630 628 2701 hinc
650 2629 804 2719 pacifica
826 2628 1098 2700 cohabitatione
1119 2634 1156 2702 et
1170 2631 1304 2720 copula
1327 2635 1530 2720 spontanee
1546 2630 1718 2713 admissa,
1734 2629 1874 2700 nedum

373 2762 459 2847 post
481 2757 660 2827 detectam
686 2753 939 2825 infidelitatem
971 2755 1103 2841 mariti,
1126 2757 1193 2827 sed
1223 2757 1334 2827 etiam
1361 2777 1427 2845 per
1449 2757 1610 2846 reliquos
1633 2760 1717 2826 octo
1740 2775 1876 2840 annos,

373 2887 410 2953 et
432 2881 581 2972 quidem
605 2885 689 2951 cum
711 2878 946 2970 generatione
969 2880 1094 2969 prolis,
1118 2881 1314 2952 valuerunt
1335 2882 1511 2972 coniuges
1533 2887 1773 2970 praetensum
1791 2901 1877 2950 con-

373 3027 505 3079 sensus
528 3006 710 3077 detectum
735 3024 878 3077 sanare.
943 3061 945 3068 ,
1070 2985 1072 2990 ’

482 3131 592 3201 Hisce
626 3129 736 3220 igitur
769 3129 942 3202 omnibus
978 3131 1108 3201 sedulo
1143 3131 1335 3220 perpensis
1368 3135 1405 3202 et
1439 3129 1699 3216 consideratis,
1735 3128 1876 3200 Christi

372 3255 521 3327 nomine
544 3255 736 3339 invocato,
764 3253 840 3324 Nos
863 3253 1085 3343 infrascripti
1109 3255 1317 3341 Auditores,
1340 3274 1407 3344 pro
1434 3253 1609 3324 tribunali
1640 3253 1817 3324 sedentes
1841 3259 1877 3322 et

373 3381 494 3452 solum
517 3380 635 3450 Deum
671 3399 759 3468 prae
793 3377 911 3448 oculis
941 3378 1131 3464 hahentes,
1155 3378 1323 3464 dicimus,
1347 3379 1589 3465 declaramus,
1617 3383 1653 3448 et
1683 3377 1877 3448 definitive

372 3505 640 3576 sententiamus
662 3525 736 3572 ooo
766 3507 927 3572 amare
956 3505 1000 3571 de
1026 3503 1196 3574 nullitate
1225 3507 1451 3574 matrimoti
1473 3507 1568 3573 inter
1590 3505 1758 3572 Mortem
1781 3504 1878 3572 Pare

373 3634 448 3700 tum
471 3633 568 3700 Boni
590 3632 633 3698 de
658 3627 859 3698 Ooatettonc
889 3632 920 3696 et
949 3631 1099 3697 Annam
1124 3629 1256 3711 Gootd;
1284 3649 1351 3698 seu
1382 3627 1572 3718 proposito
1596 3627 1731 3698 dubio:
1757 3629 1877 3716 Nepo-

371 3763 448 3842 ttue,
478 3777 544 3826 seu
566 3777 641 3825 noo
664 3756 834 3840 constare,
860 3752 1139 3841 respondemus.
1171 3753 1338 3823 Actorem
1364 3774 1450 3824 vero
1474 3753 1512 3822 in
1536 3773 1718 3841 expensas
1746 3751 1878 3823 iudicii

371 3881 672 3953 condemnamus.

476 4005 531 4076 lta
555 4003 851 4093 pronunciamus,
874 4004 1095 4074 mandantes
1121 4002 1326 4075 Ordinariis
1349 4004 1514 4074 locorum
1538 4008 1575 4074 et
1598 4001 1780 4073 ministris
1797 4002 1877 4073 'Pri-

372 4129 573 4215 bunalium,
593 4130 641 4199 ad
664 4150 759 4218 quos
783 4133 934 4219 spectat,
958 4134 1000 4199 ut
1023 4129 1230 4201 executioni
1261 4130 1438 4200 mandent
1465 4129 1561 4200 hanc
1591 4135 1758 4198 nostram
1791 4127 1877 4200 defi-

369 4253 523 4324 nitivam
562 4254 792 4338 sententiam,
824 4259 861 4324 et
898 4254 1077 4324 adversus
1115 4253 1338 4325 reluctantes
1376 4254 1577 4343 procedant
1614 4253 1663 4323 ad
1698 4273 1874 4324 normam

370 4401 419 4450 ss.
441 4377 646 4462 Canonum,
670 4384 707 4448 et
728 4378 945 4467 praesertim
969 4400 1048 4464 cop.
1070 4384 1103 4464 3,
1125 4400 1211 4449 sess.
1234 4381 1342 4448 XXV
1359 4382 1412 4448 De
1433 4383 1575 4466 reform.
1600 4377 1739 4448 Concil.
1761 4377 1875 4462 trid,

369 4504 415 4576 iis
445 4502 620 4574 adhibitis
648 4503 870 4574 exsecutivis
898 4508 935 4573 et
967 4504 1170 4575 coer-citius
1203 4504 1348 4590 mediis,
1380 4526 1475 4594 quae
1507 4503 1624 4594 magis
1657 4511 1877 4593 opportuna

369 4650 435 4718 pro
459 4649 581 4700 rerum
606 4627 788 4699 adiunctis
812 4627 993 4699 exstitura
1014 4629 1098 4700 sint.

473 4755 623 4838 Romae,
646 4753 685 4823 iri
710 4754 796 4823 sede
820 4752 1031 4824 'tribunalis
1056 4753 1091 4823 S.
1116 4755 1159 4824 R.
1184 4755 1239 4840 R,
1262 4753 1321 4824 die
1344 4754 1367 4822 9
1389 4753 1603 4824 Decembris
1628 4753 1725 4822 1911.

1215 4893 1370 4965 Michael
1393 4895 1498 4984 Lege,
1522 4897 1700 4979 Decorus,
1717 4895 1875 4966 Porsena.

1215 5018 1420 5090 Guilelmus
1444 5017 1710 5088 Sebastianelli.

1216 5144 1348 5213 Petrus
1371 5140 1545 5213 Rossetti.

473 5233 545 5298 Sac.
567 5235 603 5297 Τ.
625 5233 721 5308 Toni,
740 5235 913 5298 Notarius.

473 5387 510 5443 N.
529 5387 566 5441 Β.
588 5415 621 5425 -
642 5383 800 5442 Adversus
818 5385 1004 5443 sententiam
1023 5386 1210 5459 interposita
1228 5389 1276 5442 est
1294 5385 1471 5460 appellatio.

1477 5489 1606 5548 llichattl
1625 5489 1719 5565 Lege,
1738 5493 1875 5550 Poeans.
