4038 6274
847 889 903 972 ΙΙ.

678 1047 1072 1136 BAL'PIMOREN.

461 1249 676 1301 somrrrrrs
698 1247 920 1298 usraruourr
942 1228 1042 1319 (amo
1064 1265 1082 1280 ·
1104 1228 1293 1318 affluar).

303 1411 432 1480 00100
452 1410 687 1478 armentalis
708 1429 818 1495 snper
839 1426 935 1476 noco
955 1408 1190 1490 inminutione
1215 1407 1446 1476 mncedendc.

230 1570 356 1642 Causa
379 1598 399 1635 ι
417 1570 653 1640 Baltimoren.
679 1566 867 1639 Nullitatis
893 1565 1153 1638 matrimonii»
1178 1537 1446 1637 inter'btariam
1472 1565 1563 1638 Reid
1589 1571 1626 1638 et

144 1695 351 1766 tridericum
369 1694 537 1780 Parkust,
553 1692 716 1764 iudicata
738 1691 849 1764 estin
873 1692 1037 1770 secunda
1060 1691 1236 1762 instantia
1257 1691 1306 1761 ab
1326 1692 1371 1760 H.
1389 1691 1425 1762 S.
1444 1690 1486 1762 Ο.
1504 1692 1625 1763 videu-

145 1821 228 1890 tibus
250 1819 435 1904 omnibus,
459 1822 496 1889 et
519 1817 577 1888 die
601 1818 646 1887 30
667 1816 759 1887 iunii
785 1817 873 1886 1910
895 1815 1032 1905 prodiit
1054 1815 1305 1904 Rescriptum:
1328 1844 1346 1878 «
1361 1817 1442 1885 Non
1464 1821 1625 1886 corntcre

145 1949 178 2014 ie
194 1946 362 2014 nullitate
382 1945 609 2014 matrimonii
624 1969 655 2012 ι.

233 2069 334 2140 Haec
349 2073 476 2139 autem
491 2067 676 2139 sententia
692 2067 846 2153 Rotalis,
862 2065 1136 2138 confirmatoria
1151 2071 1228 2137 erat
1244 2066 1395 2137 alterius
1412 2067 1628 2151 sententiae,

148 2213 165 2261 a
183 2192 215 2262 S.
231 2192 523 2284 Cougrcgatione
546 2193 592 2263 de
615 2192 771 2282 Propag.
795 2191 884 2262 Fide
907 2191 1082 2280 prolatae,
1098 2194 1135 2262 et
1150 2212 1172 2260 0
1189 2190 1305 2262 SSmo
1323 2192 1558 2281 approbatae,
1573 2192 1628 2262 uti

148 2321 276 2386 constat
299 2338 343 2387 ex
368 2316 582 2388 authentico
607 2317 840 2402 documento,
863 2317 911 2386 ab
935 2317 1063 2387 eadem
1089 2315 1124 2386 S.
1142 2315 1319 2406 Congreg.
1343 2316 1391 2386 ad
1414 2315 1485 2387 hoc
1502 2316 1539 2387 S.
1555 2317 1630 2387 Tri·

147 2440 245 2511 bunsl
265 2440 432 2512 remisso.
980 2450 986 2461 “

235 2565 292 2636 Ab
314 2565 529 2636 huiusmodi
552 2565 675 2636 Rotali
698 2565 884 2636 sententia
906 2563 1191 2654 appellationem
1223 2565 1414 2636 instituere
1445 2565 1630 2667 petierunt

149 2688 289 2761 Actricis
313 2689 466 2761 Patroni
490 2695 527 2760 et
548 2690 768 2780 rescriptum
791 2689 860 2760 luit
883 2710 906 2758 a
928 2689 1023 2759 Rmo
1047 2688 1086 2758 P.
1111 2688 1154 2757 D.
1178 2688 1338 2776 Decano,
1367 2689 1542 2775 Ponente,
1570 2690 1630 2761 die

150 2813 185 2882 13
205 2814 348 2905 augusti
374 2815 481 2884 191οε
507 2842 525 2879 «
542 2817 766 2884 Admittoinr
787 2818 822 2884 si
844 2819 876 2884 et
898 2817 1077 2902 qnatenus
1098 2817 1142 2882 de
1165 2817 1257 2899 nire,
1281 2816 1331 2882 ad
1352 2835 1519 2884 namon
1544 2817 1630 2886 Ocri·

146 2943 330 3011 stitutionis
353 2945 373 2977 ‘⁴
385 2941 452 3008 Dei
473 2943 703 3010 mborotione
715 2941 735 2968 ”
753 2966 783 3009 ».

239 3063 447 3150 Quominus
470 3069 595 3134 tamen
611 3063 809 3153 appellatio
826 3064 1090 3149 admitteretur,
1106 3084 1147 3135 se
1163 3064 1337 3153 opposuit
1351 3053 1488 3135 vinculi
1504 3064 1634 3135 Delen-

148 3208 210 3274 sor,
225 3189 311 3278 quia
334 3189 373 3259 in
393 3188 518 3259 libello
542 3188 800 3278 appellationis
823 3209 901 3259 non
925 3188 1182 3260 continebatur
1203 3188 1297 3258 ratio
1317 3188 1499 3277 expetitae
1514 3209 1632 3260 novae

149 3309 389 3384 instructionis
410 3313 533 3401 prouti
549 3312 747 3402 requiritur
763 3333 786 3382 a
802 3311 1074 3383 Constitutione
1087 3311 1337 3396 Benedictina,
1354 3312 1491 3383 scilicet
1508 3340 1527 3376 r
1539 3334 1635 3382 noco

149 3457 197 3503 res
217 3458 306 3523 qnae
328 3439 482 3506 deducto
504 3441 558 3507 cei
578 3441 750 3524 ipnoralo
772 3441 885 3524 fuerit
901 3465 931 3507 ».
960 3437 1064 3506 Tunc
1087 3435 1242 3507 Actricis
1264 3436 1526 3507 Procuratores
1549 3435 1635 3507 arti-

152 3559 241 3630 culos
262 3561 527 3650 produxerunt,
544 3582 655 3650 super
678 3561 814 3651 quibus
830 3566 867 3632 et
882 3567 1024 3632 veteres
1043 3566 1158 3632 testes
1174 3566 1210 3632 et
1224 3582 1344 3632 novos
1366 3560 1486 3632 audiri
1509 3566 1635 3650 postu-

150 3681 237 3770 lant3
258 3707 373 3775 quare
396 3687 514 3756 anus
538 3686 579 3756 P.
603 3686 644 3755 D.
669 3686 818 3757 Pouens
842 3686 901 3757 die
922 3687 947 3756 l
969 3687 1096 3777 aprilis
1121 3688 1204 3757 1911
1229 3685 1437 3776 rescripsit:
1463 3715 1482 3751 «
1498 3689 1635 3757 Adrrtil·

150 3812 263 3880 tontnr
283 3833 397 3882 noonc
419 3815 562 3881 tesinnn
591 3813 841 3898 productiones
863 3816 894 3880 et
918 3817 1018 3882 estes
1040 3817 1118 3882 iorn
1134 3815 1304 3898 procincti
1328 3815 1394 3883 nso
1417 3817 1520 3882 nocis
1545 3816 1635 3881 orti-

150 3937 231 4005 cntis
258 3941 531 4024 intcrropenlnr,
554 3942 589 4008 si
610 3942 642 4007 et
672 3941 851 4025 00010000
881 3940 931 4006 od
956 3942 1140 4008 venialem
1168 3941 1398 4025 1101090ηάαο
1423 3941 1632 4024 conducant,

151 4063 263 4130 000110
283 4065 424 4132 vincnti
446 4064 639 4149 Defncscre
661 4067 693 4131 ct
713 4067 863 4150 praecio
877 4065 1011 4134 (1000010
1025 4065 1163 4134 Indicis
1184 4066 1413 4132 instructoris
1429 4090 1459 4133 ».
1485 4063 1524 4132 In
1543 4062 1637 4132 Iudi-

152 4201 221 4253 cem
242 4184 501 4257 instructorem
525 4187 726 4276 dcputatus
748 4187 818 4257 fuit
839 4187 888 4256 R:
908 4187 947 4257 P.
972 4187 1014 4258 Ι).
1039 4188 1198 4258 Ioannes
1222 4187 1336 4258 Prior.

244 4308 311 4380 Hic
334 4331 404 4380 suo
428 4311 575 4381 decreto
592 4310 665 4382 dici
681 4311 722 4380 31
741 4309 821 4381 iulii
839 4312 922 4381 1911
940 4311 1163 4382 reticendam
1187 4311 1331 4382 censuit
1352 4332 1487 4381 novam
1502 4309 1638 4382 instru-
1674 4299 1675 4304 ¹

153 4431 307 4504 ctionem.

245 4559 299 4629 Ab
321 4559 394 4630 hoc
417 4559 626 4630 reiectionis
649 4560 795 4631 decreto
820 4558 999 4630 Advocati
1022 4559 1305 4649 appellationem
1337 4559 1639 4648 interposuerunt

154 4683 242 4768 apud
263 4685 393 4754 Rotale
420 4683 633 4773 Collegium,
657 4685 769 4774 quod,
793 4684 851 4754 die
866 4685 919 4782 Ι99
941 4682 1154 4754 novembris
1179 4684 1278 4770 1911,
1301 4703 1461 4772 sequens
1480 4683 1594 4754 edidit

783 4913 996 4985 Dncaurou.

246 5073 385 5146 Adina
407 5075 509 5165 quod
532 5075 665 5144 attinet
687 5094 912 5162 perpensum
936 5079 993 5144 est
1012 5077 1051 5163 0)
1068 5073 1298 5164 privilegium
1315 5094 1389 5163 quo
1406 5095 1541 5144 causae
1564 5093 1640 5142 ma-

154 5193 368 5270 trimoniales
398 5201 584 5285 fruuntur,
608 5200 660 5269 ita
686 5198 726 5269 iu
753 5199 909 5269 Constit
932 5201 1000 5268 Dei
1026 5203 1255 5270 miseratione
1283 5221 1306 5268 a
1333 5199 1532 5270 Benedicto
1556 5197 1641 5268 XIV

157 5323 350 5394 enunciari:
376 5324 526 5396 «Salvo
551 5344 697 5412 semper
720 5327 757 5393 et
778 5322 885 5393 firmo
908 5328 1121 5394 remanente
1145 5325 1235 5410 iure,
1256 5345 1322 5394 seu
1346 5323 1535 5414 privilegio
1560 5343 1641 5393 cau·

161 5469 178 5502 «
194 5463 304 5518 sarum
327 5447 668 5534 matrimonialium,
692 5467 798 5536 quae,
815 5449 863 5517 ob
879 5447 1144 5538 cuiuscumque
1166 5449 1344 5537 temporis
1368 5450 1524 5536 lapsum,
1540 5467 1643 5516 num·
1683 5541 1685 5546 Ι

163 5587 293 5657 «quarn
313 5578 510 5647 transeunt
525 5573 564 5643 in
580 5594 658 5643 rem
674 5571 891 5658 iudicatam:
915 5572 980 5642 sed
1004 5572 1035 5642 si
1059 5593 1158 5642 nova
1180 5594 1249 5659 res,
1265 5594 1360 5662 quae
1384 5594 1461 5642 non
1484 5573 1642 5642 deducta
