4120 6284
377 416 414 474 lo
684 421 762 476 Acta
779 422 970 504 aspostolicae
988 420 1085 478 Sedis.
1104 449 1123 462 -
1144 421 1403 478 commentorium
1425 423 1567 492 officiale.

381 601 540 690 Capituli
564 605 774 690 adductum,
791 587 836 675 er
859 626 903 676 eo
924 606 1024 694 quod
1047 627 1136 677 cura
1159 607 1376 693 animarum,
1393 629 1488 698 quae
1512 609 1615 698 prius
1638 617 1717 681 erat
1739 612 1778 681 in
1798 635 1876 702 pro-

379 726 533 814 prietate
556 749 670 816 penes
695 729 885 800 ecclesiam
917 730 1183 818 parochialem,
1205 735 1335 819 postea
1365 733 1467 802 velut
1496 732 1701 805 hereditate
1731 736 1878 806 transiit

380 851 418 920 in
442 852 634 924 ecclesiam
658 854 886 944 collegiatam
911 877 955 926 cx
979 877 1022 926 ea
1046 861 1214 926 erectam.
1236 856 1316 926 Non
1340 857 1439 926 enim
1464 857 1654 948 analogiae
1674 859 1876 930 trahendae

380 982 468 1047 sunt
490 976 528 1046 in
551 978 723 1064 absurda,
740 980 848 1067 quale
868 985 971 1050 esset
998 979 1134 1069 fingere
1158 981 1259 1069 quod
1282 1001 1371 1050 cura
1393 980 1598 1052 animarum
1623 983 1672 1052 sit
1691 983 1791 1054 velut
1813 985 1877 1054 bo-

380 1123 469 1172 num
493 1102 531 1171 in
555 1103 777 1192 proprietate
801 1125 868 1174 seu
896 1104 1118 1193 patrimonio
1142 1105 1318 1190 aristeae,
1342 1105 1443 1195 quod
1474 1108 1576 1176 velut
1603 1127 1648 1176 ex
1676 1106 1877 1178 hereditate

380 1230 545 1297 transeat
567 1227 606 1296 in
628 1248 889 1300 successorem.
907 1229 1101 1306 Caeterum
1124 1252 1200 1300 non
1224 1230 1314 1300 satis
1339 1231 1526 1302 advertere
1543 1232 1693 1302 Patroni
1718 1232 1878 1321 Capituli

381 1351 481 1439 quod
500 1351 678 1440 requisita
692 1353 740 1422 ad
756 1354 988 1442 probandum
1012 1354 1175 1443 aliquam
1192 1354 1384 1424 ecclesiam
1407 1375 1490 1426 esse
1513 1357 1759 1444 parochialem
1786 1357 1879 1428 acci-

380 1474 516 1562 pienda
545 1476 693 1546 suntin
722 1479 954 1567 oppositione
983 1480 1030 1549 ad
1061 1479 1152 1549 alias
1183 1481 1356 1550 ecclesias
1391 1480 1581 1550 inferiores
1611 1503 1678 1552 seu
1706 1482 1877 1570 capellae,

380 1579 456 1668 non
479 1619 566 1669 vero
592 1599 629 1669 in
652 1601 885 1689 oppositione
909 1603 957 1672 ad
980 1624 1116 1672 munus
1140 1624 1207 1674 seu
1237 1603 1395 1674 officium
1420 1604 1581 1692 parochi.
1607 1605 1786 1689 Barbosa,
1809 1610 1877 1690 cit,

380 1724 432 1790 De
454 1727 511 1810 off.
535 1728 567 1793 ct
587 1729 657 1810 pot.
681 1728 777 1810 Par,
804 1728 842 1795 P.
866 1729 895 1812 1,
922 1749 949 1795 c.
966 1729 994 1812 1,
1018 1750 1052 1796 a.
1075 1732 1194 1811 26·31,
1223 1731 1311 1812 coll,
1335 1709 1504 1810 Aich'ner,
1532 1730 1596 1798 Ias
1627 1733 1752 1815 eccles,
1782 1731 1802 1820 ἓ
1836 1737 1879 1800 76

380 1852 411 1915 ct
434 1847 454 1938 ὅ
479 1854 554 1932 126,
579 1855 624 1932 2,·
648 1849 788 1934 Wernz,
811 1854 878 1935 cit,
902 1852 950 1936 II,
974 1875 1010 1920 a.
1034 1856 1112 1921 821.

485 1974 538 2043 22.
565 1974 696 2059 Quoad
719 1981 976 2064 argumentum
1000 1983 1124 2047 autem
1147 1999 1214 2047 seu
1236 1977 1362 2066 potius
1390 1977 1566 2048 indicium
1588 1979 1741 2049 allatum
1766 1980 1803 2048 in
1826 1980 1879 2048 fa-

383 2118 505 2166 vorem
531 2119 640 2169 curae
662 2098 863 2170 habitualis
880 2099 1039 2188 Capituli
1055 2120 1099 2171 ex
1115 2101 1258 2171 ratione
1280 2101 1496 2172 nominandi
1513 2101 1875 2191 Archipresbyterum

381 2221 499 2292 tribus
522 2224 596 2293 tere
612 2223 796 2312 prioribus
820 2225 987 2310 saeculis
1003 2226 1208 2296 notandum
1232 2233 1289 2296 est
1311 2248 1395 2297 eum
1416 2226 1530 2297 luisse
1554 2227 1785 2298 nominatum
1801 2251 1877 2299 non

381 2353 424 2417 ut
446 2347 634 2434 vicarium,
658 2350 725 2419 sed
751 2355 792 2420 ut
815 2350 1192 2440 Archipresbyterum,
1216 2351 1274 2421 cui
1299 2371 1344 2420 ex
1367 2351 1534 2421 terminis
1550 2352 1745 2422 erectionis
1761 2354 1880 2423 immi·

383 2474 494 2543 nebat
516 2495 605 2543 cura
626 2474 844 2546 animarum.

485 2598 538 2668 23.
564 2598 744 2670 Indicium
766 2621 855 2669 vero
879 2600 980 2688 quod
1003 2601 1209 2688 spectatio
1233 2602 1395 2671 favorem
1420 2622 1528 2672 curae
1551 2601 1752 2672 habitualis
1777 2603 1879 2690 Capi-

382 2723 459 2807 tuli,
473 2743 517 2793 ex
541 2725 765 2795 decimarum
790 2731 827 2794 et
849 2725 1086 2795 luneraticiae
1110 2725 1215 2814 stipis
1238 2725 1483 2814 perceptione,
1496 2727 1699 2796 notandum
1723 2733 1779 2798 est
1794 2749 1878 2798 cum
1938 2779 1942 2792 .

384 2849 560 2934 Barbosa,
576 2853 644 2933 cit,
664 2871 699 2919 a.
714 2855 837 2933 31-35,
853 2850 953 2939 quod
976 2849 1061 2920 licet
1083 2852 1307 2941 quandoque
1326 2873 1370 2922 ex
1386 2851 1620 2941 perceptione
1643 2852 1879 2937 decimarum,

383 2974 553 3063 idemque
587 2973 783 3045 dicendum
819 2976 863 3045 de
898 2975 1131 3064 perceptione
1167 2975 1404 3046 funeraticiae
1435 2977 1552 3065 slipis,
1583 2983 1758 3067 arguatur
1791 2999 1880 3049 cura

382 3100 481 3186 apud
505 3097 752 3187 recipientem,
778 3105 820 3168 ut
843 3099 881 3169 in
905 3103 1150 3170 Deci-sionibus
1172 3105 1300 3185 citatis,
1325 3122 1390 3189 per
1412 3102 1558 3187 Rotam,
1581 3105 1686 3173 decia
1701 3109 1778 3188 489,
1805 3110 1881 3172 a.3

382 3230 423 3293 in
446 3227 519 3310 fin,
538 3248 577 3310 p.
601 3232 632 3310 1,
657 3229 847 3309 recentiora
869 3246 945 3295 non
975 3230 1100 3295 tamen
1131 3247 1275 3314 semper
1301 3247 1370 3296 nec
1393 3227 1601 3298 necessario
1625 3248 1670 3297 ea
1693 3228 1796 3317 argui
1819 3248 1882 3317 po-

382 3354 464 3419 test.
501 3349 604 3420 Siout
638 3349 736 3420 enim
772 3349 935 3420 decimae
970 3355 1128 3438 possunt
1156 3349 1265 3420 etiam
1301 3350 1440 3439 acquiri
1465 3350 1639 3421 ecclesiae
1675 3373 1750 3421 non
1775 3373 1883 3440 paro-

382 3474 492 3544 chiali
514 3495 559 3544 ex
583 3473 707 3564 aliquo
730 3474 803 3544 alio
827 3474 953 3558 titulo,
977 3494 1090 3562 quam
1105 3495 1150 3544 ex
1166 3474 1244 3544 iure
1268 3474 1393 3544 divino
1414 3497 1458 3544 ex
1482 3496 1556 3563 quo
1576 3476 1751 3546 ecclesiae
1774 3497 1882 3564 paro-

384 3597 492 3668 chiali
516 3598 706 3682 debentur,
726 3601 839 3667 Bicod.
863 3620 889 3667 c.
905 3604 951 3666 20
972 3601 1013 3666 in
1036 3599 1117 3684 sirac,
1141 3602 1178 3667 et
1196 3598 1354 3680 habetur
1374 3597 1411 3667 in
1436 3620 1513 3684 cop.
1531 3605 1562 3682 1,
1579 3603 1615 3668 et
1638 3598 1676 3668 in
1699 3621 1776 3685 cap.
1799 3621 1883 3668 cum

382 3725 551 3809 homines,
576 3729 612 3794 et
635 3724 673 3793 in
695 3745 772 3810 cap.
796 3727 1002 3810 pastoralia,
1024 3727 1067 3793 dc
1089 3725 1224 3806 decima
1246 3729 1405 3812 possunt
1427 3723 1524 3794 enim
1549 3730 1586 3794 et
1608 3724 1691 3794 aliis
1715 3725 1881 3796 ecclesiis

383 3845 523 3936 acquiri
548 3847 619 3916 alio
642 3847 761 3932 titulo,
785 3853 875 3935 puta
898 3846 1196 3936 praescriptione,
1220 3869 1298 3932 cap.
1321 3868 1402 3916 com
1425 3851 1615 3934 contingat,
1639 3870 1716 3934 cap.
1739 3870 1820 3918 acm
1839 3853 1882 3916 in

382 3993 463 4056 aaa,
487 3975 559 4042 eod.
576 3975 628 4040 tit.
645 3993 723 4057 cop.
741 3978 771 4056 1,
789 3974 833 4040 de
849 3975 1117 4057 praescription
1138 3975 1181 4040 ia
1203 3977 1226 4040 6
1232 3995 1243 4055 ;
1267 3971 1421 4056 Rebuff,
1445 3975 1488 4042 de
1510 3977 1643 4057 decim,
1667 3997 1699 4061 q.
1715 3979 1769 4058 23,
1788 3996 1825 4042 a.
1842 3980 1883 4056 6,·

384 4097 520 4181 AbbaS,
544 4118 636 4166 coac.
653 4102 707 4181 94,
731 4119 766 4164 a.
783 4102 815 4180 2,
839 4099 905 4166 ool.
931 4103 970 4180 1;
995 4095 1153 4180 Covarr,
1178 4098 1236 4166 lib.
1252 4098 1280 4180 Ι,
1297 4118 1374 4165 oar.
1398 4119 1425 4166 c.
1451 4103 1504 4181 17,
1524 4119 1561 4166 a.
1577 4101 1609 4183 6,
1626 4097 1747 4168 attuit
1766 4097 1883 4167 consi·
1922 4153 1926 4160 .

385 4223 552 4292 deratum
581 4221 619 4290 in
642 4223 856 4290 Florentiae
886 4222 1126 4304 Parochialis,
1148 4227 1194 4289 22
1227 4223 1323 4288 Maii
1347 4225 1452 4306 1630,
1477 4242 1600 4292 coram
1629 4222 1798 4308 Coccino,
1831 4221 1883 4291 ita

384 4345 494 4416 etiam
518 4346 681 4416 decimae
704 4350 903 4434 potuerunt
927 4343 1066 4433 acquiri
1092 4343 1262 4433 Capitulo
1288 4345 1511 4416 Salutiarum
1537 4345 1609 4416 alio
1632 4345 1758 4429 titulo,
1783 4367 1882 4435 prae-

385 4469 594 4558 scriptionis
617 4490 759 4556 nempe,
775 4470 833 4538 vel
848 4467 1101 4538 translationis
1116 4467 1173 4538 vel
1197 4467 1269 4537 alio
1289 4468 1513 4554 huiusmodi,
1530 4475 1566 4539 et
1582 4469 1627 4539 de
1643 4470 1739 4540 facto
1763 4471 1883 4559 acqui·

385 4595 476 4666 sitas
499 4595 612 4665 luisse
636 4594 675 4663 iu
698 4614 787 4664 casu
810 4614 885 4662 non
909 4593 1122 4679 diffitemur;
1146 4597 1185 4662 at
1206 4614 1281 4662 non
1304 4594 1513 4664 necessario
1541 4594 1785 4682 acquirendae
1809 4595 1883 4663 fue-

384 4725 470 4791 runt
490 4719 599 4789 titulo
622 4739 731 4789 curae
754 4717 964 4788 habitualis

489 4843 635 4916 Scilicet
657 4843 715 4914 ius
739 4843 963 4932 percipiendi
998 4843 1159 4914 decimas
1183 4849 1219 4912 et
1243 4843 1314 4912 alia
1336 4843 1560 4928 huiusmodi,
1585 4843 1623 4913 in
1645 4865 1778 4935 genere
1805 4865 1883 4913 non

385 4975 441 5042 cst
464 4969 536 5040 nisi
558 4969 809 5058 praesumptio
834 4968 935 5052 iuris,
959 4969 1115 5052 Pichler,
1138 4970 1203 5038 Iac
1226 4955 1336 5053 Dccr,¹
1352 4970 1393 5038 L.
1414 4970 1462 5054 Π,
1484 4972 1549 5039 Tit.
1566 4971 1702 5054 XXIII,
1728 4991 1764 5038 n.
1781 4975 1822 5052 5,·
1845 4969 1883 5037 in

385 5095 505 5185 specie
540 5100 664 5164 autem
687 5095 759 5164 hoc
782 5099 819 5163 et
841 5093 914 5162 alia
937 5093 1060 5182 signa,
1084 5099 1127 5162 nt
1153 5093 1184 5162 si
1209 5091 1419 5180 Capitulum
1455 5093 1648 5182 participet
1676 5094 1720 5164 de
1748 5093 1884 5164 emolu·

386 5221 518 5290 mentis
541 5241 667 5305 curae,
691 5220 777 5289 licet
810 5218 973 5308 alioquin
1010 5217 1133 5308 magni
1160 5217 1352 5305 ponderis,
1377 5221 1533 5306 possunt
1567 5218 1766 5308 aliquando
1802 5239 1883 5288 csse

384 5345 596 5435 aequivoca.
622 5344 911 5426 Scarlantonius,
934 5346 1125 5413 Lucubrot.
1149 5347 1318 5428 coemam,
1342 5345 1419 5412 Lab.
1443 5345 1510 5427 ΠΙ,
1536 5344 1599 5412 Til.
1624 5344 1690 5427 HL
1712 5366 1749 5412 a.
1771 5347 1827 5412 39.

488 5471 542 5539 24.
567 5470 666 5540 Idem
692 5490 844 5559 prorsus
867 5469 1062 5539 dicendum
1088 5468 1133 5537 de
1157 5467 1424 5537 assertionibus
1448 5467 1715 5555 Episcoporum
1739 5467 1884 5537 emissis
