4120 6284
689 444 767 499 Acta
785 445 975 512 Apostolicoc
994 443 1090 500 aeae.
1111 475 1127 484 -
1150 445 1409 502 commentorium
1431 447 1572 515 officiale.

490 633 548 705 54.
582 629 955 707 Archisodalitatis
988 652 1014 706 a
1046 629 1281 709 christiana
1313 632 1508 710 doctrina
1541 655 1649 731 quae
1682 634 1728 710 in
1761 633 1875 724 Urbe

385 777 513 854 penes
531 756 752 833 ecclesiam
772 756 810 834 S.
831 757 993 834 Mariae
1011 779 1039 833 a
1054 759 1230 856 planctu
1251 759 1452 836 instituta
1470 761 1545 846 est,
1566 759 1661 835 iura
1679 759 1722 834 et
1741 759 1879 834 officia

386 877 441 952 ad
458 874 538 954 hoc
555 899 693 954 unum
711 878 1033 978 circumscripta
1050 878 1260 968 volumus,
1281 882 1323 956 et
1341 879 1555 979 praesenti
1575 880 1880 957 constitutione

383 999 783 1106 circumscribimus,
810 1003 858 1078 ut
880 1024 1028 1078 curam
1051 1005 1092 1080 et
1115 1002 1530 1081 administrationem
1554 1025 1654 1080 suae
1678 1000 1879 1079 ecclesiae

383 1129 425 1202 et
445 1127 613 1226 piorum
635 1126 872 1226 legatorum
893 1150 1001 1227 quae
1023 1127 1069 1202 in
1090 1151 1141 1205 ea
1163 1131 1263 1206 sunt
1284 1128 1453 1218 habeat,
1478 1133 1520 1207 et
1542 1132 1702 1206 ceterae
1724 1127 1874 1206 sodali-

383 1255 492 1330 tates
512 1275 538 1329 a
561 1253 795 1330 christiana
819 1253 1013 1330 doctrina
1036 1254 1092 1330 ad
1116 1253 1481 1354 indulgentiarum
1505 1253 1875 1354 participationem

385 1400 610 1480 aggregare
633 1379 791 1456 valeat:
818 1379 863 1454 in
887 1379 1176 1456 moderatione
1201 1383 1345 1457 autem
1369 1381 1616 1457 catechismi
1640 1380 1882 1457 dioecesani

385 1528 427 1582 se
448 1526 534 1580 non
554 1503 805 1581 immisceat.
830 1504 999 1582 Statuta
1021 1505 1151 1604 igitur
1172 1505 1302 1583 huius
1319 1505 1627 1583 archisodalitii
1649 1505 1729 1581 hcc
1751 1527 1877 1583 sensu

384 1632 509 1707 erunt
529 1630 801 1708 immutanda
821 1633 864 1707 et
884 1653 910 1708 a
931 1630 1149 1708 Cardinali
1171 1630 1341 1708 Vicario
1363 1632 1653 1731 approbanda.

486 1759 547 1832 55.
574 1756 695 1851 Quod
717 1779 816 1833 vero
840 1759 1002 1854 spectat
1024 1756 1254 1854 hospitalia
1277 1780 1385 1856 quae
1409 1757 1455 1833 in
1479 1758 1592 1835 Urbe
1615 1757 1741 1834 modo
1762 1759 1876 1843 sunt,

386 1883 582 1984 pluribus
605 1883 840 1983 privilegiis
864 1881 1034 1971 donata,
1059 1883 1165 1960 dum
1187 1883 1287 1960 usui
1310 1882 1378 1960 vel
1402 1883 1487 1960 iuri
1512 1881 1734 1962 detrahere
1758 1883 1878 1958 nolu-

387 2024 494 2092 mus,
518 2025 603 2104 quo
626 2003 833 2104 religiosis
855 2003 1038 2082 alicuius
1061 2003 1232 2082 Ordinis
1255 2004 1324 2082 vel
1348 2003 1696 2104 congregationis
1720 2003 1882 2079 anima-

386 2149 482 2202 rum
503 2149 607 2203 cura
622 2127 667 2202 in
688 2124 904 2226 aliquibus
924 2151 977 2204 ex
997 2127 1050 2204 iis
1070 2126 1154 2226 piis
1175 2127 1372 2205 domibus
1394 2131 1607 2205 reservata
1627 2127 1703 2215 est,
1730 2124 1878 2203 statui-

385 2274 482 2328 mus
499 2254 541 2328 et
557 2252 897 2352 praescribimus,
918 2255 967 2329 ut
984 2253 1029 2329 in
1047 2256 1264 2354 posterum
1281 2276 1407 2332 nemo
1425 2252 1646 2353 religiosus
1663 2252 1771 2330 vira
1791 2250 1881 2328 suis

386 2377 645 2476 Praepositis
666 2379 721 2455 ad
743 2379 822 2455 hae
842 2379 937 2478 pias
957 2380 1110 2457 domus
1132 2379 1178 2456 in
1200 2380 1315 2456 hunc
1336 2378 1464 2456 finem
1488 2379 1697 2466 mittatur,
1719 2377 1804 2456 nisi
1827 2376 1878 2453 de

388 2628 559 2706 buimus
585 2628 855 2731 vigilantiam
876 2630 921 2707 in
947 2653 1018 2708 eos
1044 2653 1248 2720 exercere,
1278 2631 1332 2719 et,
1363 2629 1399 2707 si
1424 2653 1532 2728 opus
1559 2630 1626 2717 sit,
1655 2631 1825 2707 eosdem
1853 2651 1879 2704 a

386 2775 560 2832 munere
581 2777 795 2833 removere
807 2785 815 2844 ;
837 2755 947 2833 sicut
968 2755 1106 2833 eidem
1128 2755 1404 2832 attribuimus
1424 2757 1466 2832 et
1488 2777 1754 2833 reservamus
1776 2754 1880 2855 vigi-

387 2879 566 2958 lantiam
591 2880 637 2956 in
661 2881 868 2959 moniales
892 2903 1001 2981 quae
1026 2880 1186 2990 ibidem
1211 2880 1331 2979 pium
1357 2879 1548 2958 caritatis
1573 2904 1680 2980 opus
1705 2880 1880 2980 praesti-

387 3009 507 3082 turae
535 3008 777 3084 versantur:
809 3007 988 3084 sublatis
1015 3006 1060 3083 in
1084 3007 1165 3083 hac
1193 3008 1312 3105 parte
1341 3006 1575 3106 privilegiis
1603 3006 1878 3107 quibuslibet,

386 3132 516 3209 etiam
534 3132 791 3232 peculiarem
809 3133 1068 3210 mentionem
1086 3131 1359 3220 merentibus,
1380 3153 1490 3232 quae
1508 3131 1623 3210 hisce
1642 3131 1879 3232 dispositio-

388 3257 515 3335 nibus
536 3259 827 3336 adversentur.

489 3382 747 3460 Mandamus
767 3384 912 3482 itaque
934 3383 1045 3460 utin
1066 3385 1283 3482 posterum
1303 3383 1588 3461 moderatores
1611 3385 1818 3461 Ordinum
1841 3388 1885 3460 et

389 3506 786 3608 Congregationum,
808 3507 1039 3606 antequam
1056 3503 1301 3605 religiosum
1319 3505 1505 3604 aliquem
1524 3527 1648 3581 suum
1667 3502 1722 3577 ad
1740 3497 1877 3596 hospi-

388 3632 493 3710 talia
515 3632 702 3721 mittant,
729 3630 820 3709 eius
842 3653 997 3709 nomen
1020 3632 1261 3731 proponant
1284 3629 1500 3708 cardinali
1524 3626 1706 3715 Vicario,
1733 3624 1878 3702 huius·

387 3780 468 3858 que
495 3758 809 3858 beneplacitum
836 3757 1092 3856 exspectent,
1117 3757 1167 3832 ut
1193 3755 1307 3832 licite
1334 3753 1468 3854 possit
1496 3775 1664 3830 sacrum
1691 3750 1880 3828 ministe-

389 3883 502 3960 rium
522 3883 680 3960 ibidem
701 3904 905 3958 exercere.

490 4009 552 4082 56.
572 4009 612 4082 Α
627 4006 797 4084 secretis
814 4006 944 4084 huius
963 4006 1160 4084 sectionis
1178 4005 1365 4084 officium
1383 4005 1476 4095 erit,

541 4133 581 4230 a)
607 4130 792 4209 indicem
817 4135 957 4209 texere
983 4134 1025 4208 et
1050 4153 1298 4209 conservare
1323 4131 1517 4208 omnium
1544 4128 1820 4207 sodalitatum
1842 4127 1884 4202 et

390 4255 786 4337 archisodalitatum
808 4257 949 4346 Urbis,
973 4280 1050 4334 nec
1070 4280 1157 4334 non
1177 4256 1539 4333 consociationum
1561 4256 1603 4331 et
1623 4276 1800 4352 operum
1822 4275 1883 4328 sc-

390 4385 579 4473 cialium,
610 4408 708 4461 cum
736 4383 976 4461 recensione
1005 4405 1151 4460 eorum
1175 4381 1250 4480 qui
1278 4379 1534 4480 praesident,
1566 4377 1734 4456 numeri
1764 4379 1883 4456 soda-

395 4511 513 4600 lium,
534 4510 614 4588 loci
633 4532 717 4610 quo
734 4510 780 4586 hi
799 4511 1059 4587 conveniunt
1078 4510 1153 4584 aut
1172 4507 1245 4584 ubi
1266 4507 1385 4605 pium
1405 4529 1512 4604 opus
1532 4509 1595 4582 est
1615 4506 1764 4596 situm3

544 4636 583 4735 b)
600 4637 801 4714 interesse
817 4635 1097 4713 conventibus
1113 4635 1311 4710 coetuum
1328 4654 1401 4710 seu
1418 4630 1705 4719 consiliorum,
1726 4632 1777 4709 de
1794 4628 1886 4729 qui-

396 4764 542 4841 busin
563 4785 677 4840 cum.
699 4774 760 4851 49,
782 4765 823 4839 et
843 4783 959 4838 aum.
981 4771 1040 4849 53,
1064 4760 1143 4835 litt.
1166 4759 1218 4858 a),
1242 4759 1288 4834 in
1309 4759 1472 4857 regesto
1493 4756 1754 4833 conscribere
1775 4758 1817 4832 et
1838 4757 1883 4832 in

395 4889 607 4968 tabulario
629 4910 845 4966 asservare
868 4910 976 4987 quae
998 4889 1117 4988 gesta
1140 4888 1215 4964 aut
1237 4885 1398 4962 statuta
1420 4881 1525 4972 eint3

547 5006 584 5104 c)
619 5007 857 5084 executioni
890 5008 1106 5096 mandare,
1143 5009 1177 5082 si
1212 5005 1420 5104 expressis
1455 5001 1595 5079 verbis
1629 4998 1826 5075 iubeatur
1859 5019 1887 5071 a

391 5134 611 5214 Cardinali
637 5134 807 5212 Vicario
833 5135 901 5211 vol
924 5134 977 5212 ab
1003 5134 1246 5221 Adsessore,
1277 5153 1386 5231 quae
1413 5129 1525 5205 circa
1553 5121 1886 5202 consociationes

390 5264 434 5339 et
451 5283 578 5360 opera
596 5262 701 5338 haec
719 5261 888 5338 decreta
906 5261 1004 5338 sint.
