4120 6284
687 501 719 560 S.
743 502 943 572 Coumepatto
960 505 1099 559 Rituum.

714 776 782 846 Dm
805 778 827 845 9
851 778 1077 848 Novnnnnrs.

250 970 292 1039 Iu
307 970 560 1040 Dnnrannrors
576 972 884 1042 Aeenrmsmreun
910 973 1005 1044 SSur
1024 974 1263 1044 Suavnroms.
1281 975 1426 1060 Duptea
1441 973 1487 1042 H.
1505 975 1642 1042 eaesis.

156 1079 196 1146 In
224 1079 324 1164 Vesp.
347 1083 602 1166 supprimatur
622 1081 783 1150 Rubrtaa
813 1080 953 1150 Deinde
979 1081 1014 1151 S.
1040 1079 1224 1150 Theodori
1249 1081 1351 1150 Mart.

303 1331 348 1397 In
372 1330 558 1399 Communi
581 1330 790 1399 Senatorum
814 1334 850 1399 ot
872 1333 1099 1415 sequentibus
1122 1333 1284 1418 partibus
1307 1333 1492 1398 Drouamt.

249 1538 294 1608 In
318 1538 514 1609 Communi
537 1539 648 1610 unius
664 1539 831 1626 Martyris
845 1545 888 1608 tu
907 1540 974 1610 III.
991 1541 1178 1622 Noaturuo,
1194 1542 1236 1606 tu
1251 1541 1411 1608 Matiane
1429 1539 1520 1606 VIII.
1545 1541 1642 1606 otroa

152 1647 313 1730 medium,
338 1647 723 1731 advertendum,
747 1649 1003 1716 substituatur:
1029 1645 1201 1716 Delectat.

248 1841 293 1910 In
319 1841 514 1912 Communi
537 1842 649 1912 unius
674 1843 851 1929 Martyris,
870 1846 993 1928 posita
1015 1846 1144 1929 quarto
1168 1845 1238 1912 tooo
1261 1845 1423 1912 Humilia
1445 1846 1487 1910 tu
1506 1845 1641 1928 Doaup.

153 1948 242 2018 Nihil
266 1954 324 2018 est
348 1955 528 2037 opertum,
539 1953 702 2036 ponatur
725 1954 826 2019 tertio
850 1952 920 2019 tooo
934 1952 1097 2018 Homttta
1112 1953 1154 2018 tu
1169 1953 1306 2036 Evaup.
1323 1948 1442 2018 Nolite
1462 1947 1642 2034 arbitrari,

154 2077 238 2141 auae
259 2059 412 2141 incipit:
437 2055 541 2142 Quae
564 2056 636 2126 ista
659 2055 792 2127 divisio
816 2057 898 2126 est?
922 2060 961 2124 ut
984 2061 1026 2125 iu
1052 2059 1239 2126 Cotmrarto
1261 2059 1431 2126 amuda

250 2272 298 2340 In
323 2271 464 2342 Octava
487 2271 738 2343 Dedioationis
762 2271 957 2344 Ecclesiae.
981 2274 1127 2358 Dupteu
1140 2277 1270 2362 majus.

243 2487 294 2554 In
320 2487 438 2572 Offioio
453 2488 497 2554 B.
515 2488 660 2555 Mariae
681 2488 716 2554 V.
732 2489 775 2553 tu
790 2473 952 2569 Sabdato,
970 2489 1013 2554 iu
1035 2487 1203 2570 Vespera,
1221 2490 1452 2572 eupuupatur
1466 2486 1643 2553 Rubriae:

152 2591 230 2662 Post
254 2591 471 2662 Orationem
498 2591 591 2661 fiunt
613 2596 672 2660 eto.
696 2595 727 2659 et
745 2596 909 2678 ponatur
931 2613 1099 2680 sequeus:

245 2701 340 2770 Post
363 2699 574 2770 Orationem
600 2697 643 2769 fit
666 2699 899 2788 Suffragium,
924 2703 966 2767 ut
989 2698 1171 2788 sequitur:

680 2913 733 2984 De
758 2913 930 2982 omnibus
955 2913 1109 2983 Sanctis.

243 3111 334 3180 Ant.
358 3110 485 3180 Sanoto'
506 3131 627 3178 munes
648 3112 869 3179 ueteroedaut
886 3131 956 3194 pro
979 3110 1080 3178 uobis
1103 3112 1152 3177 ad
1174 3111 1378 3180 Dominum.

243 3221 279 3305 Ῡ.
306 3219 518 3304 Mirificaott
540 3218 718 3287 Dominus
742 3217 892 3286 Sauotoa
913 3239 1007 3287 suos.

244 3327 293 3414 rt.
306 3327 351 3393 Et
374 3327 562 3394 eaaudtod
585 3346 642 3394 eoa
663 3327 860 3394 otaruautes
883 3329 933 3394 ad
956 3346 1002 3394 se.

416 3522 572 3589 memus.
1056 3573 1058 3579 .
1236 3518 1373 3590 Oratio.

229 3719 259 3784 A
288 3717 425 3783 ematis
448 3735 522 3798 uos,
547 3736 776 3801 quaesumus,
801 3717 961 3799 Domtue,
984 3718 1114 3782 meutts
1137 3717 1168 3782 et
1191 3718 1349 3800 eorporis
1379 3717 1527 3801 defurme
1544 3719 1643 3801 peri·

151 3823 250 3890 eutis:
273 3824 308 3888 et
331 3823 563 3889 intercedente
587 3822 683 3890 beato
705 3823 846 3906 Ioseph,
870 3843 952 3890 aem
975 3823 1086 3890 beatis
1100 3821 1278 3907 Apostolos
1300 3824 1373 3890 tuis
1396 3827 1463 3891 eto.

245 4019 428 4106 Tempore
462 4024 585 4087 autem
620 4017 800 4103 Paschali,
824 4017 906 4087 loeo
929 4017 1182 4105 praecedentis
1216 4017 1397 4108 Suffragii,
1421 4017 1463 4087 fit
1485 4039 1643 4090 eommo-

153 4123 301 4193 moratio
325 4125 370 4193 de
396 4124 523 4208 Cruoe,
546 4124 648 4194 utin
675 4123 880 4195 Ordinario.

247 4231 286 4300 Si
318 4235 443 4300 autem
473 4237 641 4301 occurrat
671 4231 820 4302 Festum
852 4231 1017 4320 simplas,
1042 4232 1087 4301 de
1116 4252 1159 4302 ao
1183 4231 1224 4300 fit
1250 4253 1380 4302 comm.
1405 4237 1490 4302 ante
1520 4233 1642 4321 ipsum

154 4333 378 4428 Suffragrum.
1342 4399 1345 4406 .

246 4447 302 4512 Ad
325 4447 482 4529 Laudes,
506 4448 716 4529 suppressis
739 4446 852 4514 uerbis
876 4445 933 4514 Ad
959 4444 1104 4515 Laudes
1128 4449 1164 4513 et
1186 4466 1252 4533 per
1278 4445 1411 4515 Horas:
1438 4444 1573 4516 Omnia
1601 4449 1644 4514 ut

155 4545 187 4616 in
214 4549 331 4620 Pestis
360 4551 401 4620 B.
427 4551 471 4620 Μ.
496 4550 536 4618 V.
565 4555 710 4639 praeter
739 4550 942 4639 sequentia,
966 4573 1088 4620 eertum
1118 4553 1187 4620 tooo
1210 4555 1387 4636 pouatur:
1410 4551 1467 4620 Ad
1497 4551 1642 4620 Laudes

155 4653 378 4745 Antiphonae
409 4677 490 4726 oum
525 4656 682 4727 Psalmis
711 4656 756 4726 de
789 4656 963 4740 Sabbata,
991 4661 1033 4725 ut
1062 4656 1101 4725 in
1136 4655 1327 4727 Psalterio:
1362 4657 1569 4745 Capitulum
1606 4660 1643 4726 et

158 4759 324 4851 Hymnus,
347 4765 450 4834 utin
475 4765 593 4834 Pestis
619 4765 658 4834 B.
684 4765 729 4834 M.
754 4765 793 4834 V.
817 4785 884 4852 per
906 4785 1057 4834 annum.

247 4873 292 4939 Iu
320 4874 392 4957 fiae
414 4873 598 4954 Laudem,
621 4891 818 4956 suppressa
840 4871 998 4940 Rutvtoa
1026 4869 1167 4940 Deinde
1183 4869 1288 4955 tiunt,
1299 4874 1480 4956 ponatur:
1504 4869 1644 4940 Deinde

157 4969 192 5040 fit
212 4974 440 5067 Suffragium,
464 4981 506 5046 ut
530 4997 643 5064 supra
666 4976 714 5047 ad
736 4974 928 5064 Vesperas.

247 5084 327 5154 Post
345 5086 540 5154 Rubrieam
559 5105 628 5168 pro
644 5083 824 5171 Tempore
842 5083 1020 5168 Paschali,
1036 5087 1293 5168 supprimatur
1313 5084 1420 5152 verba
1444 5083 1526 5152 Non
1550 5083 1644 5154 fiunt

156 5190 510 5260 commemorationes
532 5193 592 5258 eta.

159 5295 377 5470 RumeeIude
391 5299 641 5382 esrpprtmttur
657 5296 797 5362 Titulus
814 5294 872 5363 Ad
887 5295 1074 5383 vesperae,
1090 5316 1172 5364 otton
1187 5297 1329 5364 duabus
1351 5297 1643 5382 soobsequeutibua

275 5423 314 5471 u.
