4120 6284
366 433 402 490 36
669 436 747 491 Acta
765 436 956 505 Apostolicoe
979 434 1078 492 Sedis.
1098 463 1116 474 -
1138 435 1397 491 mammaeam
1418 434 1560 502 officiata.

367 622 497 692 chialis
526 626 648 692 creata
679 621 748 692 fuit
779 621 817 690 in
851 620 1101 711 Collegiatam.
1135 621 1188 691 De
1215 621 1323 692 tertia
1346 621 1455 712 igitur
1478 626 1622 692 tantum
1647 623 1774 706 forma,
1798 642 1865 692 seu

366 747 518 832 ratione,
542 747 710 836 quaestio
735 769 816 817 esse
840 751 962 834 potest
986 746 1023 815 in
1048 769 1138 818 casu
1161 752 1300 818 nostro.

477 873 528 943 10.
554 872 636 957 Qua
659 871 697 940 in
720 893 759 941 re
783 872 897 959 probe
921 873 1125 942 notandum
1146 877 1211 957 est,
1228 870 1420 957 rationem,
1437 894 1501 943 cur
1525 873 1715 962 Pignatelli
1739 875 1869 944 statuit

368 1002 479 1084 atque
506 994 644 1065 iudicat
659 1016 703 1064 eo
720 993 802 1082 ipso
819 995 920 1084 quod
936 995 1090 1066 ecclesia
1106 1001 1234 1065 curata
1249 1000 1306 1066 est
1322 995 1531 1086 collegialis,
1544 997 1725 1068 eiusmodi
1742 1018 1869 1068 curam

368 1118 550 1208 pertinere
567 1119 612 1189 de
629 1118 707 1189 iure
732 1118 779 1188 ad
795 1118 1007 1207 capitulum,
1020 1120 1201 1208 docetque
1218 1141 1299 1190 esse
1314 1120 1490 1209 regulam,
1503 1122 1604 1210 quod
1619 1142 1708 1192 cura
1723 1141 1870 1192 annexa

370 1243 582 1334 collegiatae
609 1243 739 1313 habitu
764 1248 904 1331 spectet
927 1244 975 1313 ad
998 1243 1128 1332 ipsam,
1144 1249 1229 1313 actu
1245 1265 1329 1315 vero
1361 1246 1408 1315 ad
1431 1259 1627 1333 personam
1651 1266 1747 1334 quae
1770 1245 1871 1315 illius

370 1368 541 1438 exercitio
565 1368 783 1457 praeficitur,
808 1388 890 1438 eam
914 1387 996 1439 esse
1020 1367 1179 1453 delinita,
1195 1370 1296 1457 quod
1315 1367 1353 1438 in
1373 1369 1453 1439 istis
1469 1369 1633 1440 ecclesiis
1656 1369 1869 1460 collegiatis

369 1491 408 1561 in
432 1493 568 1581 quihus
595 1493 800 1582 presbyteri
823 1491 950 1562 divina
973 1491 1223 1564 ministrantes
1258 1492 1398 1564 faciunt
1420 1494 1625 1584 collegium,
1650 1523 1669 1558 «
1686 1493 1870 1582 archipre-

370 1645 389 1682 «
407 1618 552 1704 shyter,
576 1618 693 1707 prior,
718 1617 796 1689 sive
826 1618 1007 1700 decanuS,
1032 1617 1172 1688 aliusve
1207 1624 1263 1688 est
1292 1639 1369 1688 non
1403 1619 1458 1688 uti
1486 1619 1686 1708 parochus,
1718 1620 1784 1690 sed
1813 1619 1868 1689 uti

370 1770 390 1806 e
407 1745 542 1830 collegii
565 1748 673 1828 capot
687 1771 717 1827 »,
741 1740 946 1832 Pignatelli‚
969 1765 1073 1827 cons,
1101 1748 1176 1826 150,
1200 1767 1236 1811 rr.
1259 1748 1301 1826 3;
1323 1743 1387 1813 uhi
1418 1742 1506 1814 citat
1530 1743 1644 1827 Bald.‚
1667 1745 1789 1813 consil.
1815 1749 1868 1827 74,

369 1891 406 1939 n.
429 1876 461 1953 4,
488 1871 545 1937 lib.
569 1870 630 1952 IV,
656 1889 700 1938 ac
723 1869 873 1953 Rotam,
897 1889 1021 1938 eoram
1046 1866 1221 1951 Carales,
1244 1871 1349 1938 decis.
1372 1875 1450 1952 274,
1474 1891 1510 1937 a.
1534 1876 1566 1938 4.
1590 1867 1808 1940 Accuratius
1831 1869 1869 1938 id

371 1993 529 2082 explicat
552 1991 739 2078 Pitonius,
762 1996 829 2076 cit,
853 2015 889 2061 o.
913 1998 936 2059 4
959 1992 1115 2062 docens:
1142 1991 1425 2063 «Nihilominus
1459 1991 1549 2062 mihi
1572 1991 1716 2063 videtur
1749 1992 1871 2063 verior

372 2117 602 2203 «sententia,
626 2117 726 2206 quod
750 2116 787 2186 in
813 2116 968 2186 ecclesia
990 2116 1182 2206 collegiata
1212 2117 1258 2188 de
1289 2117 1367 2188 iure
1401 2117 1616 2206 regulariter
1645 2138 1734 2188 cura
1766 2117 1872 2187 habi-

373 2274 391 2309 «
408 2243 520 2314 tualis
542 2242 702 2312 resideat
724 2263 840 2331 penes
857 2241 1056 2332 capitulum
1083 2263 1150 2312 seu
1174 2242 1378 2332 collegium,
1401 2246 1606 2312 curatione
1632 2244 1733 2332 quod
1756 2247 1870 2313 archa>

373 2399 391 2434 «
404 2370 588 2457 presbyter
616 2371 658 2435 in
688 2370 877 2455 stomaco
910 2372 959 2436 est
982 2371 1038 2437 cti
1072 2371 1180 2454 capnt
1212 2371 1351 2454 collegii
1374 2372 1410 2436 et
1440 2388 1515 2437 non
1538 2367 1592 2437 uti
1615 2369 1808 2456 parochus,
1832 2376 1870 2438 et

327 2571 329 2578 Α
372 2524 390 2558 «
407 2497 553 2564 exercet
576 2513 699 2562 curam
736 2491 886 2562 nomine
908 2491 1061 2580 collegii,
1085 2495 1271 2580 toanuom
1301 2495 1433 2584 ipsius„
1448 2495 1565 2578 caput,
1599 2513 1682 2563 cum
1710 2499 1869 2582 nequeat

372 2647 391 2684 «
407 2617 640 2701 universitas,
664 2637 730 2686 seu
766 2636 900 2704 corpus
924 2615 1067 2706 collegii
1101 2636 1269 2686 exercere
1294 2636 1420 2686 curam
1456 2617 1634 2686 actualem
1660 2617 1706 2687 de
1729 2637 1794 2705 per
1817 2638 1868 2702 se,

370 2772 390 2808 ‹
408 2744 474 2813 sed
496 2743 629 2812 debeat
652 2762 732 2811 eam
757 2740 938 2828 explicare
961 2761 1164 2828 perunum
1196 2739 1259 2828 qui
1283 2741 1653 2830 repraesentatrices
1689 2741 1869 2812 universi-

374 2897 392 2930 «
409 2866 506 2951 tatis,
529 2871 571 2936 ut
604 2870 661 2935 est
688 2865 860 2947 decenne,
896 2863 1006 2952 prior,
1031 2885 1097 2934 seu
1121 2863 1425 2952 archipresbyter,
1457 2869 1499 2934 ut
1534 2870 1641 2934 notat
1664 2865 1870 2956 Pignatelli,

374 3020 393 3057 ‹
408 2995 490 3061 dict.
516 2991 671 3060 Gortsoll.
697 2995 772 3073 150,
795 3011 831 3058 a.
850 2994 883 3073 3,
907 2989 955 3058 ad
989 2989 1232 3059 differentiam
1266 2989 1572 3078 archipresbyteri
1596 2989 1633 3059 in
1658 2990 1870 3076 cathedrali,

375 3145 393 3180 «
410 3116 458 3186 ad
481 3135 591 3204 quem
615 3120 757 3202 spectat
779 3113 991 3184 exercitium
1027 3134 1136 3184 curae
1170 3113 1336 3184 eiusdem
1359 3113 1598 3200 cathedralis,
1623 3120 1659 3184 et
1682 3115 1735 3186 sic
1764 3135 1871 3202 paro

374 3271 392 3305 «
410 3241 503 3312 chus
526 3239 576 3309 ihi
600 3245 781 3323 censetur,
806 3238 908 3307 iuxta
934 3240 1026 3307 Text.
1049 3243 1091 3306 in
1114 3260 1192 3324 cop.
1217 3245 1238 3307 1
1260 3243 1291 3308 et
1314 3261 1392 3326 cap.
1411 3242 1572 3326 Officium
1593 3242 1637 3308 de
1659 3243 1717 3326 off.
1741 3242 1784 3309 dc
1803 3241 1871 3308 Ar-

375 3396 393 3431 «
410 3367 686 3453 depromptam,-
713 3363 874 3447 bladino,
898 3365 1001 3431 dacis.
1025 3369 1101 3448 480,
1128 3385 1164 3432 a.
1189 3370 1211 3432 5
1218 3388 1229 3447 ,·
1252 3368 1288 3432 et
1323 3363 1483 3433 firmavit
1505 3363 1541 3434 S.
1567 3363 1698 3453 Congr.
1723 3364 1761 3432 in
1787 3367 1867 3434 Fir-

375 3520 394 3557 «
410 3511 534 3574 mono,
557 3495 581 3556 4
602 3489 694 3556 Iulii
718 3493 815 3573 1654,
842 3488 942 3576 apud
967 3487 1168 3576 Pignatelli,
1191 3490 1253 3557 ubi
1270 3491 1446 3573 proxima
1470 3510 1506 3558 n.
1531 3493 1621 3558 16».

480 3615 531 3682 11.
555 3613 602 3682 Et
632 3611 719 3682 hinc
743 3616 799 3682 est
821 3613 923 3700 quod
946 3611 1155 3700 Pignatellr,
1182 3613 1336 3682 Occisalt.
1361 3617 1443 3698 169,
1470 3635 1506 3681 n.
1529 3617 1561 3697 9,
1588 3612 1721 3700 probat
1743 3632 1872 3682 curam

373 3738 599 3809 habitualem
622 3735 781 3806 residere
796 3756 911 3824 penes
935 3735 1125 3825 collegium
1145 3757 1190 3807 ex
1206 3735 1286 3824 ipsa
1309 3735 1491 3806 erectione
1515 3735 1736 3824 parochialis
1758 3735 1872 3806 eccle-

374 3863 450 3933 siae
474 3862 512 3932 in
536 3861 775 3950 collegiatam,
799 3859 838 3930 in
861 3882 935 3950 qua
958 3862 1107 3930 luerunt
1130 3861 1288 3930 instituti
1312 3882 1411 3931 unus
1438 3859 1739 3949 archipresbyter,
1765 3864 1873 3946 pren»

374 3989 506 4073 cipalis
539 3989 716 4072 dignitas,
740 3985 804 4074 qui
829 4006 955 4056 curam
992 3985 1199 4055 animarum
1223 4005 1288 4075 per
1311 3985 1473 4073 seipsum
1509 4005 1676 4055 exercere
1701 3985 1871 4068 deheret;

374 4131 418 4180 ex
441 4109 513 4179 hoc
537 4109 635 4178 enim
667 4110 768 4198 quod
792 4108 1087 4198 archipresbyter
1110 4114 1166 4179 est
1191 4113 1416 4196 principalia
1445 4111 1617 4196 dignitas,
1646 4129 1770 4179 curam
1795 4109 1873 4178 ani-

375 4253 515 4302 marum
541 4236 686 4302 exercet
713 4237 754 4301 ut
781 4237 890 4318 caput
912 4235 1059 4319 collegii.
1087 4234 1199 4317 Corra,
1221 4238 1297 4317 150,
1311 4255 1348 4303 a.
1370 4237 1401 4318 3,
1429 4231 1563 4302 veluti
1589 4236 1753 4302 minister
1768 4237 1874 4323 ,capi-

375 4361 445 4426 tuli
466 4361 498 4425 at
520 4360 664 4445 collegii.
692 4357 791 4427 Ocres.
817 4362 892 4442 169,
918 4361 985 4442 cit,
1010 4379 1045 4426 n.
1070 4364 1123 4426 10.

481 4483 532 4551 10.
557 4483 722 4552 lamvero
746 4481 888 4552 litterae
913 4481 1107 4552 erectionis
1131 4481 1315 4553 Ecclesiae
1339 4482 1565 4552 Parochialis
1586 4481 1811 4552 Salutiarum
1834 4481 1873 4550 in

377 4605 614 4695 Collegiatam
653 4606 793 4676 nullam
828 4605 979 4675 omnino
1018 4627 1143 4675 curam
1178 4606 1345 4675 tribuunt
1381 4605 1541 4695 Collegio
1577 4627 1644 4676 seu
1679 4605 1871 4695 Capitulo,

376 4730 511 4820 quippe
535 4751 630 4819 quae
654 4732 699 4801 de
723 4750 777 4814 eo,
801 4732 925 4819 quoad
949 4751 1073 4801 curam
1090 4729 1308 4816 animarum,
1332 4751 1378 4800 ne
1401 4733 1624 4802 mentionem
1648 4730 1797 4820 quidem
1820 4731 1873 4800 fa·

376 4854 484 4926 ciant.
510 4854 644 4925 Curam
667 4854 873 4924 animarum
897 4853 1089 4926 imminere
1113 4859 1322 4925 statuerunt
1345 4855 1508 4943 profecto
1533 4854 1874 4944 Archipreshytera-

375 4979 440 5063 tui,
464 4981 529 5050 sed
563 4979 664 5064 inibi,
688 5000 754 5049 seu
788 4977 827 5048 in
852 4978 1022 5068 Capitulo
1054 4978 1253 5069 Collegiato
1286 4979 1509 5049 Salutiarum
1542 4980 1587 5049 de
1618 5000 1716 5049 novo
1740 4985 1872 5050 erecto.

377 5104 679 5192 archipresbyter
713 5125 788 5174 non
823 5109 880 5175 est
911 5108 1131 5191 principalis
1161 5125 1227 5175 seu
1256 5110 1382 5190 primo
1417 5104 1595 5193 dignitas,
1630 5106 1696 5175 sed
1731 5110 1873 5193 quarta,

377 5251 508 5319 nempe
531 5236 616 5318 post
637 5233 872 5316 Deconotum,
889 5231 1229 5300 Archideaconatum
1252 5236 1288 5300 et
1304 5233 1617 5317 Proepositurom;
1640 5251 1754 5320 quare
1776 5230 1873 5302 hanc

377 5375 501 5424 curam
527 5353 829 5443 Archipresbyter
851 5357 894 5424 dc
912 5377 979 5441 per
1001 5377 1047 5441 sc,
1069 5359 1111 5424 ut
1126 5376 1210 5424 cum
1227 5354 1372 5425 Pitonio
1395 5355 1602 5444 loquamur,
1618 5360 1772 5441 exercet,
1795 5377 1873 5426 non

379 5500 462 5549 vero
487 5479 565 5550 vice
589 5479 742 5568 collegii.
