4038 6274
723 477 755 532 s.
775 465 918 534 namna
936 479 1021 534 uota.
1569 477 1623 535 115

325 577 1243 588 -—.—.-...-———-——--.———-——.-
1471 575 1616 584 ——--.-

127 661 250 750 plenus
275 681 498 746 consensus,
522 662 663 752 integra
686 661 837 732 libertas
861 666 897 732 et
920 661 1110 748 securitas,
1135 690 1153 726 ‹
1170 682 1216 731 ne
1239 661 1323 750 quis
1346 667 1495 751 propter
1516 661 1622 733 timo-

130 806 233 856 ‹rem
258 784 409 856 dicatur
432 806 555 856 amare
578 786 679 875 quod
703 785 782 855 odit
804 790 841 856 et
864 785 949 856 inde
973 792 1150 875 sequatur
1180 785 1306 856 infelix
1333 787 1453 857 exitus
1483 788 1547 876 qui
1578 809 1622 858 ex

131 911 284 982 «invitis
321 911 463 1000 nuptiis
498 912 592 982 solet
615 911 856 1000 provenire»,
883 911 938 981 uti
961 912 1178 1000 praescribit
1200 935 1277 998 cup.
1302 919 1354 998 14,
1381 915 1422 981 dc
1445 935 1562 998 epona.
1587 916 1623 982 et

131 1042 423 1108 commentantur
446 1037 570 1125 plures
587 1036 631 1105 H.
649 1036 684 1106 S.
703 1035 745 1106 Ο.
764 1035 991 1121 Decisiones‚
1016 1057 1082 1107 ceu
1106 1040 1209 1106 decis.
1232 1041 1309 1121 246,
1335 1059 1370 1105 n.
1389 1043 1419 1122 6,
1432 1041 1531 1122 port.
1547 1039 1624 1121 HI,-

129 1163 227 1229 decic.
243 1165 301 1245 38,
320 1183 356 1230 u.
375 1168 406 1246 1,
417 1165 516 1245 port.
531 1161 627 1228 XIV.
652 1161 789 1229 Reccnt.
808 1160 933 1245 Porro,
949 1159 1044 1229 utin
1061 1180 1150 1229 casu
1166 1158 1291 1230 infelix
1308 1161 1428 1230 exitus
1445 1167 1624 1250 sequutus

130 1289 191 1371 est,
214 1284 268 1354 ita
292 1285 462 1373 provenit
485 1306 530 1354 ex
552 1283 681 1354 vitiata
703 1285 825 1355 radice
848 1304 923 1353 non
947 1284 1052 1354 liberi
1075 1304 1289 1354 consensus.

230 1409 322 1480 lnde
346 1414 446 1499 patet
469 1415 608 1480 metum
643 1409 758 1497 patris
793 1409 930 1480 nedum
964 1432 1121 1497 prooem,
1146 1409 1212 1479 sed
1235 1415 1272 1479 et
1293 1413 1473 1480 intactum
1498 1410 1624 1496 fuisse,

130 1535 212 1624 quia
238 1535 384 1606 Natalia
417 1535 569 1604 inducta
603 1540 659 1604 est
692 1535 831 1604 nubere
855 1534 889 1604 ei
912 1555 1022 1624 quem
1057 1535 1206 1605 oderat:
1232 1539 1268 1604 et
1295 1533 1333 1604 in
1356 1535 1427 1604 hoc
1457 1535 1625 1605 consistit

130 1659 308 1730 iniustitia
331 1663 462 1730 metus.
487 1660 581 1729 Nam
605 1680 652 1730 ex
675 1658 753 1728 iure
778 1658 904 1728 divino
927 1663 964 1729 et
987 1658 1245 1745 ecclesiastico,
1265 1658 1330 1728 filii
1354 1679 1429 1728 non
1453 1665 1625 1731 tenentur

131 1784 321 1873 exquirere
338 1804 558 1854 consensum
577 1787 770 1872 parentum
789 1782 876 1852 dum
893 1782 1044 1872 nuptias
1059 1782 1197 1866 ineunt,
1214 1803 1334 1871 neque
1350 1803 1476 1853 eorum
1501 1785 1626 1854 volun·

130 1916 238 1980 tatem
266 1910 372 1999 sequi
396 1912 577 1999 coguntur
592 1936 623 1978 ».
648 1906 918 1978 Matrimonium
945 1909 996 1978 ait
1022 1911 1126 1977 decta.
1141 1912 1218 1992 493,
1241 1929 1278 1978 n.
1300 1913 1346 1977 30
1360 1931 1429 1996 aeq.
1448 1913 1545 1994 port.
1562 1911 1624 1994 IV,

129 2040 150 2102 l.
171 2037 220 2121 II,
249 2063 268 2099 c
286 2035 425 2105 nullius
449 2033 599 2104 arbitrio
624 2033 784 2122 pendere
808 2033 936 2102 debet:
962 2073 981 2086 -
1006 2037 1043 2104 et
1065 2054 1088 2103 a
1111 2053 1343 2122 quacumque
1360 2033 1547 2104 coactione
1564 2033 1626 2103 im·

130 2191 146 2224 2
163 2181 277 2231 mune
294 2181 376 2230 esse
393 2160 502 2230 debet
514 2186 544 2230 ι».
562 2161 691 2248 (Docta.
706 2164 783 2243 242,
801 2181 837 2227 c.
851 2164 914 2243 13;
929 2162 1033 2229 decia.
1045 2164 1123 2243 346,
1137 2180 1174 2228 a.
1192 2163 1222 2243 7,
1237 2164 1334 2244 port.
1351 2160 1405 2228 XI
1410 2161 1445 2230 V.
1463 2161 1625 2248 Remeat).

130 2286 237 2372 Quod
261 2285 293 2354 si
317 2290 422 2373 pater
444 2285 483 2355 in
506 2291 607 2354 metu
638 2283 829 2354 inferendo
860 2284 1000 2353 bonum
1031 2284 1109 2354 sive
1140 2282 1298 2352 filiorum
1330 2283 1407 2353 sive
1431 2289 1625 2372 pareutum

128 2412 306 2496 intendat,
331 2410 473 2499 optima
495 2414 714 2499 potestesse
731 2432 800 2480 sua
816 2409 971 2481 intentio
996 2429 1118 2479 coram
1145 2411 1222 2481 Deo
1246 2412 1282 2479 et
1305 2408 1535 2495 hominibus;
1560 2408 1626 2478 sed

128 2545 259 2622 metus,
272 2541 458 2626 quatenus
481 2535 594 2606 laedit
615 2535 822 2607 libertatem
858 2537 1014 2606 filiorum
1041 2535 1079 2605 in
1104 2534 1336 2606 matrimonio
1364 2534 1625 2620 contrahendo,

128 2661 298 2731 vulnerat
321 2681 449 2731 eorum
473 2660 531 2730 ius
555 2663 591 2730 et
615 2659 656 2729 iit
678 2660 852 2746 iniustus,
874 2667 911 2731 et
933 2661 1020 2730 hinc
1043 2679 1155 2730 causa
1182 2658 1361 2729 nullitatis
1392 2657 1626 2744 matrimonii,

127 2786 157 2856 si
180 2785 232 2855 sit
253 2784 386 2875 gravia.

232 2912 360 3000 Neque
384 2909 423 2979 in
446 2910 703 2999 quaestionem
726 2910 860 2982 adduci
891 2931 1001 2999 posse
1024 2911 1094 2980 rati
1118 2914 1206 2980 suut
1228 2907 1388 2992 Domini,
1400 2908 1628 2978 revalidatio·

128 3055 211 3105 nem
244 3033 469 3104 matrimonii
493 3055 538 3104 ex
562 3033 738 3105 diuturna
764 3040 1086 3124 praesumptorum
1121 3035 1319 3123 coniugum
1355 3032 1627 3104 cohabitatione

129 3180 220 3248 pene
246 3159 293 3229 ad
316 3156 446 3248 viginti
470 3179 600 3243 annua,
616 3163 653 3228 et
668 3180 715 3229 ex
730 3162 858 3228 secuta
881 3158 1014 3246 copula
1037 3162 1074 3228 et
1096 3157 1350 3246 procreatione
1365 3163 1525 3246 quatuor
1541 3157 1629 3227 lilio

129 3307 219 3354 rum.
246 3284 339 3353 Nam
363 3288 484 3353 metus
508 3282 547 3353 in
569 3283 749 3353 hodierna
771 3283 987 3372 quaestione
1010 3282 1074 3373 qui
1098 3287 1153 3352 tot
1176 3303 1218 3352 ac
1240 3287 1365 3352 tantos
1388 3281 1501 3352 habet
1514 3286 1628 3353 testes

132 3409 190 3497 qui
210 3412 365 3479 narrant
380 3409 477 3477 facta
500 3407 539 3477 in
562 3407 681 3496 ipsam
697 3407 882 3496 publicam
898 3409 1033 3478 famam
1052 3407 1233 3496 evulgata,
1250 3405 1350 3477 omni
1367 3407 1495 3494 procul
1514 3406 1627 3476 dubio

133 3540 185 3604 est
206 3533 380 3622 publicus
396 3532 434 3602 in
451 3554 564 3604 sensu
580 3533 692 3618 iuris;
717 3539 752 3603 et
768 3533 939 3622 publicus
956 3539 1035 3603 erat
1049 3538 1214 3622 ternpore
1236 3533 1317 3602 initi
1341 3533 1511 3622 coniugii,
1527 3534 1629 3623 quod

132 3659 282 3746 proinde
305 3657 372 3728 tali
396 3657 486 3727 vitio
509 3657 691 3728 laboravit
707 3657 744 3727 in
761 3657 854 3728 lacie
870 3657 1066 3729 Ecclesiae.
1089 3657 1196 3728 Unde
1220 3678 1343 3729 coram
1368 3658 1449 3746 ipsa
1464 3657 1629 3728 Ecclesia

134 3782 319 3853 sanandus
343 3787 432 3866 erat,
456 3781 588 3852 iterata
611 3780 767 3851 solemni
790 3783 908 3851 forma
930 3780 1139 3851 tridentina.
1166 3781 1245 3852 Hoc
1268 3802 1343 3851 non
1364 3781 1521 3852 dubitati
1538 3781 1628 3854 iuris

137 3913 189 3976 cst
209 3907 320 3978 bodie
336 3928 383 3978 ex
399 3905 646 3996 declaratione
663 3907 699 3978 S.
716 3906 1036 3991 Poeniteniiariae,
1051 3906 1268 3977 auctoritate
1286 3906 1341 3977 Pii
1356 3907 1387 3974 V
1403 3907 1500 3992 data,
1517 3929 1627 3998 quam

138 4033 240 4102 refert
262 4033 487 4130 Benedictus
510 4032 603 4118 XIV,
627 4035 762 4120 quaeat.
786 4053 865 4101 cmc.
888 4037 966 4117 317,
980 4037 1016 4102 et
1039 4032 1156 4102 Inclit.
1180 4035 1309 4102 Ecctea.
1331 4038 1387 4118 87,
1403 4057 1439 4103 c.
1456 4039 1510 4104 62.
1528 4034 1628 4104 ldcm

140 4157 275 4227 scribit:
302 4186 321 4222 e
336 4155 375 4227 si
399 4155 673 4226 matrimonium
700 4155 844 4245 publice
869 4155 1000 4225 initum
1026 4162 1082 4226 est
1105 4176 1230 4227 coram
1253 4157 1414 4245 parocho
1431 4161 1467 4227 et
1483 4157 1629 4228 duobus

143 4281 325 4352 «testibus
350 4287 387 4352 et
410 4279 714 4369 impedimentum
737 4301 886 4370 quoque
910 4280 1056 4369 publice
1080 4280 1299 4366 innotuerit,
1323 4281 1420 4351 idem
1444 4281 1630 4352 matrimo-

142 4433 158 4466 ‹
174 4405 269 4476 nium
293 4406 363 4476 rite
387 4405 595 4476 confirmari
619 4406 758 4495 nequit,
782 4405 853 4476 nisi
877 4426 1081 4477 consensus
1105 4405 1237 4475 iterum
1262 4426 1385 4475 coram
1409 4406 1570 4495 parocho
1593 4412 1631 4476 ct

143 4530 314 4600 «duobus
338 4529 495 4600 testibus
518 4529 784 4618 praebeatur».
809 4530 855 4599 Et
879 4532 901 4598 l.
918 4530 997 4599 eod.
1016 4553 1050 4598 n.
1067 4533 1120 4599 63.
1139 4558 1157 4593 ‹
1177 4529 1277 4600 Haec
1301 4529 1352 4600 ita
1367 4529 1528 4600 decrevit
1545 4531 1630 4600 Poe-

143 4653 380 4725 «nitentiaria
403 4653 529 4724 Sancti
553 4653 608 4724 Pii
632 4655 663 4724 V
687 4652 877 4723 Pontificis
900 4653 1140 4739 auctoritate,
1164 4653 1218 4723 uti
1242 4654 1430 4725 Navarrus
1451 4654 1628 4724 fatetur...

144 4776 340 4849 «idaiam
365 4778 499 4868 probat
523 4779 558 4849 S.
584 4779 622 4850 G.
648 4778 819 4864 Concilii,
847 4777 901 4847 uti
933 4778 1045 4848 tradit
1076 4778 1319 4868 Fagnanus...
1355 4779 1511 4866 insuper
1545 4799 1627 4849 cum

141 4929 158 4960 ‹
176 4901 208 4971 S.
224 4904 339 4974 Rotae
356 4900 553 4972 Auditores
576 4901 688 4972 huius
705 4901 909 4972 sententiae
932 4902 1124 4971 veritatem
1148 4901 1185 4969 in
1210 4900 1362 4970 dubium
1384 4907 1629 4987 revocassent,

141 5053 158 5087 «
176 5025 374 5100 Cardinalis
400 5027 542 5111 Carafa,
567 5025 870 5116 congregationis
896 5024 1048 5095 Concilii
1074 5024 1296 5110 Praefectus,
1313 5024 1407 5095 duos
1431 5047 1476 5095 ex
1499 5025 1629 5096 iisdem

141 5178 158 5210 ‹
175 5149 411 5222 Auditoribus
435 5149 575 5234 accivit,
600 5149 847 5238 Seraphinum
862 5169 994 5237 nempe
1011 5153 1048 5218 et
1064 5147 1297 5234 Comitolum,
1314 5149 1450 5238 quibus
1470 5150 1630 5219 ostendit

141 5303 159 5335 ‹
177 5276 352 5347 decretae
369 5276 406 5346 S.
424 5275 716 5364 congregatione
741 5295 852 5361 super
867 5274 938 5343 hac
953 5293 991 5343 re
1009 5274 1184 5358 conlecta,
1209 5273 1516 5345 Poenitentiariae
1532 5274 1631 5344 insti-

142 5427 160 5460 «
175 5401 257 5471 tutis
280 5407 316 5472 et
341 5401 377 5471 S.
404 5399 460 5471 Pii
485 5398 771 5470 Vdeclaratioui
795 5419 876 5468 esse
901 5403 1161 5468 consentanea.
1188 5397 1270 5482 Qua
1294 5397 1339 5468 de
1362 5419 1401 5467 re
1426 5398 1553 5468 Patres
1571 5399 1631 5469 Sa·

144 5550 162 5585 <
179 5545 252 5597 crae
276 5528 396 5598 Rotae
420 5525 460 5597 in
484 5529 673 5613 posterum
710 5523 914 5612 expositam
951 5523 1076 5611 paullo
1112 5529 1198 5592 ante
1233 5522 1453 5592 sententiam
1483 5523 1645 5612 sequuti·
