4120 6284
772 433 804 490 S.
823 433 968 490 Romana
986 434 1077 490 Rota.
1636 433 1673 490 35

171 619 341 688 vantibus
367 621 570 706 canonicis,
591 620 723 705 Bouix,
748 623 770 690 l.
794 640 833 704 a,
856 622 957 690 Port.
974 621 1002 703 I,
1019 620 1105 688 Soet.
1122 621 1187 705 III,
1210 641 1238 691 ο.
1254 622 1301 706 ΙΙ,
1317 621 1338 711 5
1353 643 1381 705 c,
1400 623 1531 692 Proca.
1549 629 1569 690 1
1589 626 1620 691 et
1635 627 1673 706 2;

171 765 284 834 quum
307 765 445 834 nempe
472 752 615 817 tanturn
640 751 726 834 post
749 744 1002 815 Tridentinam
1035 744 1227 832 Synodum
1262 745 1504 835 nequiverint.
1531 747 1675 836 regule-

172 871 257 940 riter
280 870 424 956 saltem,
452 870 606 961 collegia
628 891 797 942 exercere
821 891 886 959 per
918 891 958 940 se
984 891 1110 940 curam
1134 871 1356 956 animarum,
1380 891 1475 960 qnae
1496 876 1673 960 perpetuo

172 995 276 1064 unita
298 996 497 1084 etadnexa
518 995 655 1065 eisdem
679 995 940 1084 reperiebatur,
960 997 1025 1066 sed
1050 996 1178 1066 eadem
1194 1016 1260 1084 per
1275 994 1605 1074 idoneosvicarios
1627 996 1674 1065 ab

174 1118 380 1189 Ordinariis
403 1119 638 1206 deputandos
662 1120 865 1190 exercenda
890 1120 935 1189 de
959 1121 1056 1189 lacto
1080 1124 1117 1190 et
1141 1120 1185 1190 de
1210 1119 1287 1190 iure
1322 1125 1437 1204 asset3
1461 1140 1575 1209 quum
1599 1141 1674 1190 uno

173 1244 285 1316 verbo
308 1249 456 1314 tanturn
486 1249 571 1332 post
593 1243 848 1314 Tridentinum
874 1243 1097 1328 Concilium,
1122 1249 1159 1314 et
1182 1245 1229 1314 ab
1254 1244 1334 1332 ipso
1358 1249 1479 1314 ortum
1504 1243 1675 1314 duxerint

173 1368 390 1457 posterioris
421 1369 537 1454 illius,
562 1369 607 1439 de
630 1390 704 1458 qua
735 1390 866 1457 supra,
891 1369 986 1440 inter
1019 1390 1145 1440 curam
1176 1369 1403 1438 habitualem
1434 1373 1471 1440 et
1494 1369 1675 1440 actualem

174 1492 422 1565 distinctionis
445 1515 521 1564 non
544 1499 688 1563 tantum
712 1515 848 1563 nomeu
865 1498 902 1564 et
924 1493 1082 1578 termini,
1099 1493 1165 1562 sed
1188 1515 1247 1563 res
1271 1493 1362 1581 ipsa,
1379 1513 1445 1563 seu
1469 1493 1677 1564 substantia

174 1625 211 1688 et
233 1624 454 1707 concaptus,
477 1619 670 1690 iuridicum
695 1639 828 1708 nempe
852 1623 893 1688 ut
915 1639 1016 1689 nnnc
1038 1624 1194 1689 vocatur
1228 1617 1455 1704 institutum,
1480 1618 1552 1688 iam
1576 1625 1677 1707 patet

174 1763 301 1813 curam
337 1743 437 1813 illam
473 1743 698 1827 animarum,
725 1763 820 1832 quae
857 1743 894 1813 in
926 1741 1058 1813 litteris
1094 1743 1289 1814 erectionis
1320 1743 1510 1814 imminere
1545 1743 1677 1814 dicitur

174 1867 557 1957 Archipresbyteratui
585 1889 661 1939 non
693 1889 802 1956 posse
833 1867 985 1957 intelligi
1019 1869 1064 1938 de
1093 1888 1181 1938 cura
1204 1889 1301 1957 quae
1331 1869 1535 1938 exercenda
1558 1868 1606 1938 sit
1628 1870 1675 1938 ab

172 1994 488 2084 archipresbytero
512 1994 557 2064 de
580 1996 676 2065 lacto
700 2000 737 2064 et
760 1995 805 2065 de
829 1993 907 2064 iure
939 2000 982 2064 ut
1006 1998 1151 2077 abacia
1175 1997 1248 2063 eive
1278 1995 1460 2064 oenmribilt
1492 1997 1566 2064 moe
1594 2016 1677 2081 pcr-

169 2125 287 2204 petuo,
311 2120 359 2189 ad
382 2118 561 2188 terminos
585 2118 703 2207 ipsius
727 2118 962 2188 Tridentinae
986 2117 1137 2204 Synodi.
1347 2091 1351 2100 ’

278 2243 311 2312 8.
336 2241 410 2312 Sed
434 2263 533 2312 nunc
556 2243 603 2312 ad
626 2242 881 2332 quaestionem
913 2241 1078 2312 intimius
1102 2242 1365 2330 penetrandam
1391 2248 1427 2311 et
1449 2263 1679 2331 quaquaver-

173 2387 237 2436 sus
263 2365 513 2436 definiendam
537 2365 574 2434 in
598 2385 697 2450 casu,
713 2365 867 2436 ulterius
890 2365 1258 2435 animadvertendum
1282 2370 1339 2435 est
1361 2385 1486 2435 curam
1511 2366 1678 2437 habitua-

176 2492 258 2574 lem,
290 2491 338 2560 ab
369 2490 506 2562 actuali
541 2491 769 2576 distinctam,
792 2493 932 2576 duplici
962 2494 1102 2560 ratione
1133 2495 1340 2580 competere
1374 2511 1482 2579 posse
1519 2491 1679 2580 capitulo

175 2615 252 2685 sive
270 2614 496 2704 collegiatae,
512 2614 589 2685 sive
606 2615 817 2698 cathedrali,
841 2616 1056 2684 translatioo
1080 2635 1212 2702 nempe
1237 2619 1325 2698 iure,
1341 2615 1400 2685 vel
1422 2619 1564 2698 nativo·
1584 2616 1679 2686 Rota

176 2759 302 2808 coram
327 2739 439 2824 Muto,
462 2741 921 2823 Viae-Hebdomadariae,
945 2745 968 2806 4
990 2741 1062 2808 Iol.
1079 2743 1177 2822 1698,
1204 2760 1240 2806 n.
1261 2745 1314 2808 13.
1341 2741 1567 2809 l'rcnalotioo
1588 2744 1679 2826 irae,

175 2885 259 2933 eum
295 2865 451 2934 ecclesia
473 2864 693 2952 parochialis
717 2865 773 2934 vel
797 2865 1018 2936 beneficium
1054 2864 1342 2935 ecclesiasticum
1377 2868 1546 2934 curatum
1572 2863 1680 2935 unita

175 2989 312 3059 hierint
335 2994 373 3060 et
394 2993 573 3078 perpetuo
607 2990 752 3059 adnexa
787 2989 959 3078 capitulo,
984 2989 1122 3060 Concil.
1147 2988 1256 3072 Trid,
1278 2993 1334 3058 eit.
1358 3009 1423 3059 seu
1459 2989 1568 3078 pleno
1600 2988 1679 3059 iure

178 3113 422 3202 incorporata,
449 3113 609 3203 Pirhing,
628 3116 694 3183 lua
715 3115 814 3198 Gon,
838 3115 913 3183 bib.
930 3115 993 3182 ΙΙΙ
1001 3116 1112 3198 Decr,
1139 3115 1201 3182 lit.
1224 3115 1261 3196 V,
1285 3135 1321 3182 n.
1336 3118 1423 3196 218;
1447 3099 1680 3202 Schm'alzgr.,

176 3240 241 3306 lua
264 3239 392 3321 coclea,
420 3238 512 3306 Vom.
535 3238 602 3322 ΙΙΙ,
629 3239 729 3306 Part.
752 3238 780 3322 I,
809 3238 872 3306 Tit.
897 3240 932 3320 V,
957 3258 992 3305 a.
1019 3240 1184 3306 194-196.
1210 3235 1314 3305 Tunc
1338 3235 1436 3305 enim
1460 3255 1547 3306 cura
1569 3241 1679 3305 antea

177 3363 245 3432 fuit
280 3382 397 3450 penas
431 3361 622 3432 ecclesiam
658 3361 904 3450 parochialem
938 3361 996 3431 vel
1030 3381 1144 3450 penes
1179 3359 1398 3431 beneficium
1433 3366 1620 3445 curatum,
1644 3365 1681 3430 et

178 3493 308 3575 postea
331 3488 552 3557 transfertur
583 3487 622 3556 in
653 3487 865 3575 capitulum,
891 3487 986 3556 Rota
1009 3506 1133 3556 coram
1160 3487 1272 3570 Muto,
1296 3489 1352 3554 eit.
1376 3489 1507 3554 Nativo
1528 3488 1618 3570 iore,
1650 3485 1681 3554 si

178 3611 334 3682 ecclesia
357 3610 550 3700 collegiata
564 3610 622 3681 vel
645 3609 866 3681 cathedralis
890 3614 1011 3680 erecta
1033 3609 1143 3680 luerit
1167 3630 1251 3680 cum
1270 3629 1358 3678 cura
1381 3609 1599 3692 animarum,
1614 3629 1681 3678 seu

179 3735 403 3823 parochialis
420 3736 479 3806 vel
501 3742 639 3820 curata,
656 3735 745 3805 etin
761 3755 805 3806 ea
824 3735 931 3804 detur
949 3733 1111 3804 vicarius
1135 3733 1347 3824 collegiatae
1372 3754 1497 3803 curam
1521 3733 1682 3817 habenti,

178 3863 275 3932 Rota
299 3863 662 3930 Rommm-Vicorioe
693 3881 817 3930 coram
849 3859 1020 3944 Coccin0,
1043 3864 1068 3928 8
1089 3862 1173 3943 Noe.
1198 3865 1295 3942 1621,
1320 3863 1423 3928 decis.
1451 3863 1530 3943 316,
1553 3882 1591 3945 p.
1619 3861 1681 3942 IV,

178 3990 200 4056 t.
224 3986 280 4072 Π,
305 4009 342 4054 n.
367 3991 443 4054 1-2.
477 3985 596 4064 Media
626 3986 899 4074 quodammodo
934 3985 1029 4054 inter
1063 3990 1258 4072 utramque
1289 3982 1350 4052 via
1380 3988 1451 4066 est,
1475 3981 1506 4052 si
1530 3981 1685 4052 ecclesia

178 4111 403 4200 parochialis
437 4111 598 4199 erigatur
622 4109 659 4180 iu
682 4111 929 4200 collegiatam,
954 4109 992 4178 in
1027 4131 1102 4198 qua
1132 4109 1324 4179 institutus
1355 4107 1403 4177 sit
1433 4107 1683 4195 archipresby·

179 4245 320 4308 teratus
338 4241 467 4323 primo
489 4239 650 4322 dignitas
673 4242 709 4306 et
732 4235 1026 4324 archipresbyter
1050 4255 1176 4304 curam
1200 4233 1406 4304 animarum
1430 4253 1497 4320 per
1520 4231 1683 4320 seipsum

179 4383 349 4434 exercere
371 4362 516 4447 debeat;
534 4360 739 4451 Piguatelli,
765 4362 920 4430 conam.
947 4360 1093 4443 canon,
1113 4361 1203 4428 Tora.
1221 4361 1284 4442 IX,
1302 4359 1541 4426 Consolarer)
1559 4360 1590 4424 ei
1606 4361 1684 4440 169,

179 4512 247 4561 seu
263 4489 303 4558 in
319 4509 404 4576 qua,
420 4492 463 4557 ut
478 4485 685 4557 accuratius
701 4485 859 4574 explicat
873 4485 1054 4570 Pitonius
1067 4487 1219 4569 Discept.
1232 4486 1358 4566 melca,
1371 4485 1467 4551 Parc
1482 4483 1529 4565 ΙΙ,
1541 4483 1684 4567 discept.

179 4617 288 4698 XLV,
307 4634 396 4683 cura
419 4612 626 4682 animarum
650 4617 864 4681 exerceatur
886 4612 934 4680 ab
957 4609 1288 4698 archipresbytero,
1305 4605 1362 4675 vel
1386 4627 1409 4674 a
1427 4605 1546 4694 prima
1571 4604 1685 4694 digni-

180 4744 265 4824 tate,
290 4743 334 4807 ut
356 4739 493 4823 cellapii
515 4740 640 4823 capite.

284 4865 317 4932 9.
341 4862 396 4932 De
420 4861 636 4931 translative
672 4861 750 4931 iure
785 4861 930 4950 proprie
965 4859 1065 4929 dicto
1100 4859 1209 4928 nobis
1244 4861 1400 4927 nonest
1430 4855 1614 4945 agendum
1646 4854 1684 4923 in

182 5011 282 5074 casu,
307 4989 373 5059 sed
397 5008 467 5057 nec
491 4987 537 5057 de
561 4987 685 5056 nativo
709 4986 787 5056 iure
810 4985 957 5074 proprie
981 4985 1089 5069 dicto,
1114 4989 1155 5054 ut
1181 4987 1292 5071 patet.

284 5101 367 5185 Non
391 5113 491 5185 enim
516 5112 668 5183 ecelesia
698 5110 922 5200 parochialis
947 5131 1012 5181 seu
1037 5107 1214 5179 Plebania
1238 5109 1373 5178 Baatae
1406 5107 1540 5177 Mariae
1569 5107 1686 5176 incor-

184 5247 306 5328 porata
330 5241 403 5312 fuit
428 5238 600 5326 Capitulo
636 5236 860 5326 collegiatae,
884 5234 1021 5326 quippe
1056 5235 1157 5324 quod
1191 5234 1361 5302 nondum
1392 5232 1594 5315 existebat;
1617 5251 1685 5300 nec

184 5365 262 5437 ilem
286 5366 468 5440 ecclesiae
498 5362 711 5452 collegiatae
735 5361 808 5430 iarn
841 5381 967 5432 curam
992 5361 1197 5429 animarum
1234 5357 1385 5428 habenti
1418 5357 1527 5427 datus
1558 5362 1615 5426 est
1636 5355 1687 5424 vi-

182 5495 311 5582 carius,
336 5494 394 5565 vel
422 5491 464 5561 in
490 5509 535 5558 ea
558 5493 679 5559 erecta
714 5493 771 5557 est
794 5486 930 5556 vicaria
966 5491 1167 5573 perpetna;
1193 5483 1258 5554 sed
1281 5481 1444 5553 Ecclesia
1470 5482 1552 5568 ipsa
1575 5481 1685 5549 Paro-
