4038 6274
626 465 657 522 S.
680 467 881 535 concrepatio
901 464 1144 523 Comistorlole's.
1581 462 1633 520 141

144 670 207 738 que
228 649 342 720 laude
378 650 567 740 conspicui
602 651 677 720 sint
710 650 886 721 fratribus
921 650 1112 740 suppetias
1145 651 1301 721 venturi.
1325 691 1369 706 -
1394 649 1517 736 Quum
1547 671 1635 722 vero

145 794 248 844 causa
271 795 386 864 qrram
410 773 682 846 tueminitanti
705 775 754 846 sit
775 773 953 845 momenti
976 778 1019 845 ut
1042 775 1208 845 omnium
1238 774 1414 846 interesse
1442 775 1576 846 debeat
1597 776 1632 846 in

144 897 271 987 quibus
295 898 484 990 religionis
506 899 721 990 patriaeque
746 900 840 970 calet
862 920 977 986 amor,
993 899 1094 989 ipsas
1110 920 1174 972 eas
1190 899 1324 970 domus
1338 898 1446 970 bonis
1463 900 1636 974 omnibus

145 1023 242 1094 enixe
266 1025 592 1110 commendamus;
615 1029 652 1094 at
677 1023 872 1114 praecipue
903 1024 1101 1096 Sacrorum
1124 1023 1371 1108 Antistitibus
1394 1025 1566 1113 parochis
1593 1046 1636 1096 ac

145 1148 475 1238 patribusfamilias,
488 1169 583 1238 quos
598 1147 636 1219 in
653 1148 758 1219 vohis
775 1147 995 1220 adiuvandis
1011 1149 1151 1238 praeire
1164 1148 1294 1219 ceteris
1310 1149 1511 1220 admodum
1522 1150 1636 1220 decet

243 1273 354 1359 Quod
376 1279 419 1344 ut
441 1294 462 1344 e
484 1273 582 1344 votis
612 1273 729 1358 cedat,
753 1273 965 1344 caelestium
996 1273 1102 1344 vobis
1134 1271 1429 1343 adiumentorum
1460 1273 1535 1344 vim
1561 1293 1639 1362 pre

146 1417 276 1482 camur,
299 1418 343 1468 ac
366 1396 646 1468 benevolentiae
681 1396 837 1467 Nostrae
871 1401 1022 1482 testem,
1053 1396 1301 1485 Apostolicam
1338 1396 1638 1468 Benedictionem

145 1521 217 1608 tibi,
240 1522 372 1594 dilecte
388 1522 468 1607 Fili,
491 1521 674 1613 religiosis
697 1521 888 1594 sodalibus
911 1523 951 1592 in
974 1522 1111 1611 quibus
1126 1526 1211 1593 tuae
1228 1522 1401 1612 evigilant
1416 1543 1535 1608 curae,
1552 1522 1639 1593 ado·
1702 1557 1704 1561 ·

145 1645 363 1748 lescentihus
399 1646 559 1736 denique
590 1646 764 1717 omnibus
787 1645 852 1736 qui
881 1653 1005 1718 vestro
1034 1651 1191 1719 utuntur
1221 1647 1441 1738 magisterio,
1469 1645 1640 1718 amantis

144 1775 231 1844 sime
254 1775 292 1844 in
315 1773 476 1844 Domino
504 1773 747 1862 impertimus.

242 1900 380 1970 Datum
404 1899 545 1970 Romae
578 1898 677 1988 apud
709 1898 744 1970 S.
769 1900 930 1984 Petrum,
954 1897 1013 1970 die
1036 1917 1087 1968 xx
1110 1898 1300 1970 Februarii
1314 1919 1465 1985 ,uonna
1490 1899 1640 1969 Pontifi-

146 2031 243 2096 catus
267 2026 393 2096 Nostri
416 2045 515 2095 anno
539 2045 649 2096 nono.

755 2148 863 2219 PIUS
889 2148 959 2219 ΡΡ.
982 2147 1028 2218 X.

785 2389 996 2400 ——-

323 2663 512 2798 slent
557 2663 953 2794 constitutit
995 2663 1454 2794 consistentes

733 3083 1053 3171 DECRE'FUM

410 3264 515 3315 cinca
539 3263 792 3315 msruassnuu
821 3264 1111 3314 nxrurnlronuu
1132 3263 1377 3316 susonrmuu

582 3391 626 3439 ur
650 3389 900 3439 ranocrronuu
925 3351 1203 3440 consucroncn.

247 3548 340 3620 Cum
363 3548 546 3620 nonnulla
568 3547 681 3619 dubia
704 3553 787 3617 orta
802 3553 926 3618 essent
949 3546 1046 3618 circa
1069 3548 1232 3632 modum,
1248 3553 1395 3636 tempus
1411 3567 1453 3618 ac
1476 3552 1644 3620 tenorem

148 3669 382 3746 iurisiurandi
406 3673 453 3744 ab
476 3671 791 3744 examinatoribus
815 3671 1057 3759 synodalibus
1080 3671 1292 3760 praestandi
1316 3692 1399 3742 cum
1423 3671 1646 3743 adhibentur

148 3798 190 3866 ad
218 3797 401 3868 videndas
436 3819 567 3869 causas
602 3795 800 3867 amotionis
838 3795 1085 3884 parochorum
1120 3797 1223 3867 iuxta
1257 3798 1443 3867 decretum
1476 3801 1646 3867 Marciano

150 3943 251 4009 caro,
276 3923 418 3994 SSmus
441 3922 482 3992 D.
512 3922 555 3992 N.
580 3921 668 3992 Pius
692 3922 763 3992 ΡΡ.
787 3922 822 3992 Χ
845 3921 892 3991 ad
915 3922 1007 3992 haec
1038 3921 1218 4008 ,diluenda
1251 3921 1383 4006 dubia,
1407 3921 1452 3993 de
1477 3922 1646 3992 consulto

150 4047 320 4119 limorum
343 4048 496 4119 Petrum
521 4047 654 4142 Sacrae
682 4046 794 4117 huius
819 4045 1093 4117 consistorialis
1118 4045 1433 4136 Congregationis,
1456 4048 1585 4117 statuit
1605 4068 1647 4118 ac

151 4171 307 4244 decrevit
321 4178 364 4243 ut
379 4173 418 4243 in
434 4178 623 4262 posterum
647 4177 722 4242 tam
739 4171 1011 4241 examinatores
1035 4171 1231 4257 synodales
1255 4192 1367 4260 quam
1392 4171 1543 4262 parochi
1566 4193 1648 4243 con·

152 4297 316 4382 sultores
339 4299 404 4387 qui
427 4298 610 4386 Episcopo
645 4297 832 4368 sociantur
867 4297 905 4366 in
940 4295 1138 4366 amotionis
1173 4296 1319 4366 decreto
1354 4297 1504 4368 ferendo
1527 4285 1588 4367 vel
1608 4295 1647 4364 in

152 4421 311 4495 eiusdem
336 4423 473 4494 decreti
495 4423 690 4508 recisione,
706 4421 861 4512 singulis
877 4421 1032 4508 vicibus,
1048 4421 1087 4490 in
1099 4420 1221 4510 prima
1245 4420 1422 4508 sessione,
1442 4422 1513 4492 sub
1528 4442 1648 4511 poena
1674 4453 1678 4459 ·

151 4547 327 4619 nullitatis
350 4554 528 4634 actorum,
552 4548 809 4619 iusiurandum
837 4552 948 4636 prout
977 4545 1018 4616 in
1048 4545 1206 4616 formula
1236 4545 1318 4616 heic
1352 4545 1527 4616 adiuncta
1549 4567 1649 4634 prae

153 4673 245 4742 stare
269 4677 476 4743 teneantur.
1453 4647 1455 4650 V

254 4797 368 4886 quue
392 4819 459 4886 per
480 4819 656 4886 praesens
679 4798 866 4868 decretum
892 4794 983 4866 SC.
1008 4793 1281 4867 consistorialis
1304 4792 1480 4864 constitui
1503 4813 1546 4863 ae
1571 4813 1649 4881 pro

155 4921 306 5011 mulgeri
328 4923 447 5008 iussit,
472 4923 665 4993 contrariis
688 4897 915 5012 quibuslibet
937 4942 1012 4990 non
1037 4920 1283 4990 obstantibus

253 5047 390 5118 Datum
420 5049 573 5133 Romae,
597 5068 642 5117 ex
676 5045 831 5116 aedibus
867 5045 1001 5115 Sacrae
1026 5041 1329 5133 congregationis
1365 5039 1650 5125 Consistorialis,

156 5170 211 5241 die
236 5174 279 5243 15
301 5173 489 5244 Februarii
515 5173 612 5242 191a.
668 5207 669 5210 ¹

417 5336 455 5406 C.
479 5333 592 5405 Gran.
616 5334 671 5403 Du
695 5333 773 5416 Lm,
797 5331 917 5420 Episc.
943 5330 1128 5415 Sabincn,
1152 5331 1384 5399 Socratae-tna.

258 5423 295 5492 L·
312 5426 352 5514 ὦ
369 5425 404 5497 S·
1068 5507 1190 5596 Scipio
1215 5505 1358 5593 Tecchi,
1381 5507 1560 5575 Adcessor.
1647 5557 1649 5562 ¹
