4038 6274
28 406 37 495 l
151 419 260 484 turrae
284 416 335 484 lv.
362 450 376 467 ·
402 416 476 484 Vol.
500 416 549 483 lv.
691 417 755 483 Dle
778 417 823 484 29
847 415 1015 484 Februarii
1039 419 1138 483 1912.
1488 420 1629 486 Numi

158 665 434 926 llll
521 664 1254 928 llolllllllll
1338 668 1638 930 Slus

420 1187 967 1282 COMMENTARIUM
1002 1187 1354 1282 OFFIOIALE

560 1657 783 1780 ACTA
832 1659 948 1780 PH
996 1659 1112 1780 ΡΡ.
1158 1659 1221 1780 X

526 2083 817 2193 urrunnun
845 2107 1257 2238 Arosronrcun.

156 2305 353 2356 lsaomaulo
382 2306 507 2356 HORAE
536 2305 695 2356 aduersu
727 2306 936 2356 PERPETUAE
964 2307 1011 2355 nu
1038 2306 1280 2372 unmsulrlru,
1303 2307 1341 2355 tu
1364 2306 1642 2356 lucsmloucllsl

246 2430 437 2481 rocosum
452 2429 653 2496 Iusrluurl,
672 2429 845 2480 nutamus
865 2431 903 2480 IN
920 2430 1404 2481 ARCHIGONFRATERNITATEM
1423 2430 1497 2481 CUM
1512 2431 1644 2481 ruauh

247 2556 337 2606 TATD
360 2554 598 2605 audaculum
621 2556 659 2604 IN
681 2555 861 2605 uulvnusl
883 2555 1032 2606 ul‘luouu
1056 2556 1223 2606 GALLICA.

756 2695 866 2767 PIUS
890 2696 960 2765 ΡΡ.
984 2695 1029 2766 X.

249 2839 303 2909 lld
325 2843 541 2928 perpetuam
563 2838 617 2909 rei
649 2837 873 2908 memoriam.
897 2877 942 2888 -
966 2838 1009 2906 ln
1039 2836 1173 2908 sacello
1196 2837 1289 2908 Divo
1313 2838 1499 2909 Ludovico
1523 2838 1644 2910 Ande-

159 2962 295 3050 gavensi
317 2963 439 3034 dicato
463 2961 620 3033 civitatis
644 2961 851 3033 Tolosanae
875 2960 1025 3032 minime
1050 2961 1126 3032 Nos
1148 2962 1239 3032 latet
1260 2963 1363 3051 pium
1391 2962 1644 3051 precationum

159 3106 242 3174 opus
263 3087 330 3158 sub
345 3086 454 3158 titulo
472 3115 491 3152 ‹
509 3087 631 3158 Horae
649 3087 806 3157 Sanctae
829 3092 1027 3175 perpetuae
1044 3086 1090 3158 de
1107 3085 1345 3158 Gethsemani
1362 3115 1380 3150 »
1398 3087 1471 3158 iam
1495 3088 1579 3160 inde
1596 3089 1644 3158 ab

159 3231 245 3281 anno
259 3231 450 3282 uuccccvrr
466 3211 642 3283 canonice
658 3210 773 3282 luisse
789 3209 1009 3296 institutum,
1025 3211 1200 3282 adfinem
1215 3232 1292 3282 non
1313 3211 1522 3282 intermissa
1537 3233 1643 3302 prece

160 3336 326 3406 recolendi
350 3336 564 3424 lllysterium
588 3335 712 3406 Divini
736 3335 938 3408 Salvatoris
961 3337 1000 3407 in
1012 3337 1135 3408 Monte
1160 3335 1348 3408 Olivarum
1374 3337 1523 3408 orantis.
1542 3337 1645 3408 Gom-

162 3459 306 3543 perimus
329 3459 496 3549 quidem,
519 3481 597 3530 non
628 3459 708 3531 sine
731 3481 866 3550 magno
897 3459 1011 3530 animi
1025 3461 1159 3562 'Nostri
1182 3460 1328 3551 gaudio,
1353 3462 1524 3532 devotam
1547 3461 1645 3532 hanc

162 3584 443 3656 exercitationem
467 3585 637 3654 ahanno
654 3604 874 3654 nncocxxxv
888 3607 911 3656 a
926 3585 1016 3656 viris
1031 3585 1207 3676 religione
1231 3606 1274 3656 ac
1301 3585 1437 3675 pietate
1460 3592 1645 3676 praesten-

162 3705 247 3778 libus
268 3708 495 3799 propositam
524 3729 567 3780 ac
590 3709 693 3780 brevi
724 3709 763 3778 in
792 3730 962 3800 magnam
989 3709 1191 3780 Galliarum
1220 3715 1362 3799 partem
1392 3716 1644 3804 propagatam,

162 3851 246 3903 nunc
267 3833 504 3923 quamplures
528 3833 722 3922 complecti
742 3834 899 3920 sodales,
916 3833 1063 3924 quibus,
1080 3835 1182 3904 iuxta
1196 3835 1248 3924 pii
1263 3835 1386 3924 operis
1401 3835 1558 3921 tabulas,
1575 3857 1644 3906 sua

162 3956 277 4046 cuique
299 3956 521 4047 precationis
537 3957 631 4028 hora
656 3957 882 4048 designatur,
897 3963 941 4029 ut
962 3979 1038 4029 una
1054 3979 1138 4029 cum
1156 3959 1303 4030 Christo
1319 3959 1358 4029 in
1374 3960 1482 4030 horto
1496 3959 1645 4030 Gethse-

163 4081 247 4151 mani
278 4087 428 4153 aeterno
452 4081 552 4152 Patri
576 4102 703 4171 preces
726 4082 921 4168 fundente,
945 4083 1127 4172 supplicia
1150 4083 1197 4153 ad
1220 4083 1450 4155 llltissimum
1470 4085 1644 4155 thronum

162 4208 235 4274 rota
255 4206 315 4276 diu
338 4211 526 4295 noctuque
550 4205 800 4276 indesinenter
823 4206 1055 4277 extollantur.
1073 4207 1150 4276 Nos
1174 4208 1295 4292 etiam,
1311 4212 1353 4278 ut
1372 4213 1448 4278 tam
1470 4209 1644 4298 lrugilera

163 4331 368 4402 consociatio
391 4331 537 4420 potiora
559 4331 597 4401 in
620 4331 699 4402 dies
723 4331 950 4402 incrementa
972 4337 1135 4421 caperet,
1159 4333 1335 4403 caelestes
1359 4332 1544 4403 Ecclesiae
1567 4332 1645 4403 the-

163 4471 286 4540 sauros,
309 4476 469 4546 quorum
493 4455 768 4544 dispensatores
799 4454 975 4526 divinitus
1006 4477 1153 4540 sumus,
1178 4477 1340 4527 reserare
1365 4479 1440 4528 non
1464 4457 1645 4527 dubitavi-

163 4597 249 4666 mus,
271 4586 305 4650 et
327 4601 456 4670 preces
491 4581 714 4669 excipientes
738 4580 978 4651 Moderatoris
1012 4602 1056 4651 ac
1091 4581 1272 4652 sodalium
1296 4581 1445 4653 unionis
1468 4581 1644 4667 eiusdem,
1783 4583 1786 4590 '

163 4703 348 4788 persimiles
365 4704 598 4794 Apostolicas
622 4705 789 4790 Litteras,
806 4704 865 4775 die
887 4725 954 4774 vrrr
977 4705 1115 4775 mensis
1138 4705 1223 4775 Maii
1247 4727 1346 4777 anno
1370 4725 1560 4790 cocceam,
1589 4707 1646 4776 Pi-

163 4829 298 4899 scatoris
321 4829 460 4900 annulo
485 4828 717 4918 obsignatas,
742 4849 899 4917 quarum
922 4828 1068 4899 initium
1086 4829 1293 4899 «Relatum
1314 4835 1370 4900 est
1394 4830 1509 4901 Nobis
1526 4858 1557 4916 »,
1573 4830 1646 4900 sin-

161 4953 331 5039 gularibus
355 4955 457 5025 illam
480 4955 667 5044 perpetuis
683 4955 923 5045 indulgentiis
950 4955 1267 5042 locupletavimus.
1285 4957 1390 5027 Nunc
1410 4961 1644 5042 autemeam

161 5073 256 5147 iidem
278 5081 486 5150 Moderator
509 5099 552 5149 ec
567 5078 715 5150 sodales
731 5079 808 5150 Nos
823 5079 1011 5152 humiliter
1027 5079 1192 5169 flagitent
1214 5085 1257 5151 ut
1273 5080 1407 5152 dictam
1432 5081 1644 5152 societatem

160 5201 201 5270 ad
219 5201 636 5275 Archiconlraternitatis
659 5203 874 5293 dignitatem
900 5225 983 5274 cum
1007 5203 1192 5275 adiunctis
1216 5205 1414 5294 privilegiis
1438 5225 1481 5275 ac
1504 5205 1646 5276 iuribus

160 5322 197 5394 de
218 5326 345 5398 Nostra
369 5325 596 5417 benignitate
621 5327 775 5398 evehere
799 5326 1002 5417 dignemur,
1019 5327 1151 5417 hisque
1174 5328 1272 5399 votis
1298 5328 1568 5418 amplissimum
1584 5331 1647 5400 Ar·

156 5447 364 5543 chlepiscopi
397 5453 573 5524 Tolosani
604 5451 820 5542 suffragium
855 5452 1016 5538 accedet,
1041 5453 1117 5524 Nos
1147 5453 1285 5542 optatis
1314 5453 1374 5524 his
1405 5455 1645 5524 annuendum

202 5592 627 5648 namurcen-mon.
1353 5655 1358 5668 ¹
1562 5593 1589 5637 ιο
