4120 6284
795 495 873 550 Acta
891 495 945 550 Pa
962 493 1025 548 ΡΡ.
1046 493 1084 547 X.
1654 481 1686 538 11

186 692 252 770 (116
274 693 298 766 t
321 689 485 768 mensis
507 685 678 786 augusti
702 683 798 757 1905
821 679 1087 764 renovantes,
1114 673 1384 761 mandamus,
1410 675 1459 749 ut
1482 671 1527 747 in
1550 671 1685 769 poste-

194 841 290 894 rum
322 816 470 893 nullus
504 813 680 890 clericus
714 809 803 884 sive
836 805 890 882 ad
924 805 1165 880 Romanum
1199 799 1369 889 clerum,
1392 799 1481 876 sive
1503 798 1557 874 ad
1578 797 1685 874 alias

187 944 397 1022 dioeceses
435 938 652 1040 pertinens
685 931 949 1032 a'quolibet,
990 929 1120 1006 etiam
1158 924 1439 1004 cardinalitia
1478 921 1685 1022 dignitate

189 1069 492 1170 praefulgente,
525 1063 769 1140 assumatur
799 1082 872 1136 seu
902 1057 1083 1156 eligatur
1113 1055 1167 1131 ad
1198 1051 1372 1152 aliquod
1402 1048 1588 1129 officium
1617 1047 1686 1122 vel

189 1195 442 1274 beneficium
472 1190 586 1291 quod
616 1185 812 1266 stabilem
842 1185 909 1260 vel
941 1182 1190 1259 diuturnam
1222 1175 1597 1254 commorationem
1627 1171 1673 1246 in

191 1323 301 1401 Urbe
327 1319 528 1420 requirat,
556 1314 640 1392 nisi
662 1311 737 1413 qui
761 1311 884 1387 illum
910 1307 1082 1408 seligere
1107 1303 1224 1392 velit,
1255 1301 1424 1381 66616116
1449 1299 1603 1376 11116116
1628 1296 1683 1373 ab

189 1451 293 1525 Eri'ro
315 1445 443 1524 Urbis
466 1441 635 1520 Vicario
658 1440 756 1516 ante
778 1433 1014 1535 expetierit,
1040 1434 1186 1509 utrum
1209 1427 1373 1527 aliquid
1395 1449 1448 1504 ex
1469 1426 1589 1523 parte
1612 1422 1683 1498 Vi-

189 1574 376 1652 cariatus
396 1572 545 1658 obstet,
569 1565 762 1665 nihilque
783 1561 927 1639 obesse
946 1557 1129 1636 sciverit.

295 1697 517 1794 Quaelibet
542 1697 643 1771 vero
669 1689 865 1790 provisio,
895 1708 969 1763 seu
996 1683 1119 1760 officii
1146 1681 1389 1781 assignatio,
1419 1678 1543 1755 aliter
1568 1677 1685 1754 facta

192 1828 374 1905 nullast
395 1826 518 1902 irrita
539 1826 630 1915 6111,
653 1825 867 1926 abrogatis
889 1827 969 1905 hac
992 1826 1044 1904 de
1066 1849 1110 1903 re
1132 1823 1366 1926 privilegiis
1389 1823 1431 1899 et
1453 1819 1682 1919 exemptio-

190 1942 316 2019 nibus
341 1943 611 2042 quibuslibet,
638 1944 768 2022 etiam
794 1947 1050 2046 peculiarem
1075 1947 1335 2024 mentionem
1362 1944 1685 2045 requirentibus,

188 2090 298 2167 quae
321 2069 410 2145 sint
431 2068 532 2146 huic
552 2071 877 2171 praescriptioni
898 2072 1146 2149 contrariae.

286 2191 350 2268 27.
380 2193 583 2270 Reoensio
609 2195 690 2271 hac
716 2194 760 2270 in
789 2195 971 2272 sectione
995 2196 1221 2273 habebitur
1248 2195 1348 2272 cleri
1375 2195 1565 2272 universi
1593 2198 1681 2269 tam

185 2319 416 2396 saecularis
443 2343 574 2420 quam
600 2321 819 2422 regularis,
850 2321 1066 2399 adnotatis
1090 2322 1144 2399 ad
1173 2321 1342 2421 singula
1369 2318 1544 2396 nomina
1572 2341 1681 2396 oom-

186 2446 437 2523 morationis
453 2447 556 2536 1666,
579 2448 729 2536 661616,
754 2447 842 2524 6616
863 2448 1067 2547 cuiusque
1088 2447 1248 2524 muniis
1266 2446 1445 2546 aliisque
1467 2443 1682 2522 adiunctis

185 2594 401 2671 personae.

286 2701 348 2773 28.
372 2699 452 2776 His
472 2698 671 2777 omnibus
693 2722 800 2799 quae
822 2701 867 2776 in
889 2701 969 2777 hoo
990 2699 1128 2800 capite
1150 2701 1422 2776 recensentur
1443 2696 1592 2774 officiis
1613 2719 1680 2773 ex-

186 2825 356 2926 plendis
377 2826 649 2903 Cardinalem
669 2825 888 2904 Vioarium
911 2824 1189 2914 adiuvabunt‚
1211 2825 1379 2926 praeter
1398 2823 1528 2899 huius
1549 2823 1684 2922 partis

187 2947 475 3038 administros,
504 2949 614 3025 varii
642 2950 786 3026 666166
815 2971 840 3026 6
866 2948 1082 3026 666661616
1109 2947 1274 3048 legibus
1302 2948 1389 3024 iam
1418 2947 1679 3047 praescripti,

188 3071 266 3149 hoc
290 3073 365 3160 est,
390 3073 702 3149 examinatores
726 3070 837 3160 oleri,
862 3071 1123 3148 consultores
1148 3071 1202 3148 ad
1225 3070 1401 3171 parochi
1426 3071 1683 3148 amotionem

187 3196 512 3284 decernendam,
538 3195 764 3274 consilium
786 3194 1048 3296 vigilantiae,
1075 3195 1269 3295 deputati
1293 3193 1545 3283 seminariis,
1573 3215 1682 3269 6661-

185 3321 330 3398 masio
349 3321 559 3398 directius
572 3345 648 3421 pro
667 3321 917 3399 sacerdotali
936 3320 1184 3398 ministerio.

285 3451 348 3524 29.
369 3451 614 3526 Postremus
629 3448 699 3525 hic
715 3449 858 3524 coetus
873 3447 919 3523 in
934 3449 1151 3545 posterum
1166 3445 1378 3524 constabit
1395 3445 1584 3546 quinque
1602 3445 1681 3523 sal-

186 3579 272 3654 16111
292 3573 1053 3653 66661661116660611111161117166116
1073 3595 1171 3649 oum
1191 3571 1496 3672 approbatione
1518 3571 1683 3649 Summi

188 3694 410 3772 Pontifiois
429 3695 645 3796 eligendis
667 3697 740 3795 qui
760 3700 952 3774 maturae
971 3697 1057 3774 sint
1077 3698 1240 3786 aetatis,
1260 3696 1431 3787 virtute,
1452 3697 1680 3798 prudentia

183 3824 224 3898 et
242 3845 386 3901 rerum
404 3823 643 3924 cognitione
662 3823 881 3923 praeclari.
904 3823 1025 3923 quue
1045 3847 1070 3900 6
1089 3822 1277 3899 6611611116
1296 3825 1421 3899 6111111
1440 3819 1680 3900 cardinalis

183 3947 345 4026 Vicarii
375 3948 421 4024 in
452 3949 738 4049 assignatione
766 3973 1006 4038 munerum,
1041 3949 1275 4026 officiorum
1306 3949 1348 4025 et
1379 3947 1680 4025 beneficiorum

183 4074 297 4151 cleri.

282 4203 343 4276 30.
368 4200 459 4295 Quo
481 4185 625 4278 autem
647 4200 958 4278 examinatores
979 4201 1214 4301 praesentis
1236 4201 1438 4299 temporis
1457 4199 1677 4277 necessita-

185 4327 299 4403 tibus
313 4326 488 4405 valeant
504 4328 647 4427 aptius
664 4350 890 4416 occurrere,
908 4328 1143 4427 collegium,
1161 4327 1275 4428 quod
1291 4349 1407 4404 nunc
1423 4328 1496 4413 est,
1516 4326 1679 4426 aposto-

184 4447 265 4526 lica
286 4451 540 4527 auctoritate
560 4451 868 4550 supprimimus
888 4453 930 4528 et
949 4473 1225 4552 suppressum
1245 4450 1522 4537 declaramus,
1546 4447 1680 4525 aliud-

184 4592 264 4670 que
284 4571 408 4647 uovis
426 4571 590 4672 legibus
609 4573 910 4650 constituimus
929 4572 1052 4650 iuxta
1070 4597 1121 4650 66
1139 4595 1247 4674 quae
1268 4574 1381 4649 16116
1400 4573 1678 4649 decernimus.

334 4695 376 4792 6)
403 4693 585 4771 Romani
610 4693 711 4770 oleri
737 4695 1048 4772 examinatores
1072 4695 1118 4772 in
1144 4696 1360 4795 posterum
1387 4693 1680 4796 duodeviginti

184 4817 309 4890 616111
331 4837 353 4891 6
375 4815 485 4893 61616
507 4817 715 4894 saeculari
737 4820 779 4894 et
801 4817 985 4917 regulari
1008 4817 1170 4895 delecti.
1200 4853 1203 4856 ·

339 4939 378 5038 b)
399 4940 572 5034 Quoties
592 4942 637 5017 in
658 4941 821 5040 synodo
840 4964 986 5018 eorum
1006 4941 1154 5020 electio
1176 4942 1266 5018 lieri
1285 4944 1480 5043 nequeat,
1502 4943 1585 5044 ipsi
1605 4943 1676 5020 eli-

183 5066 337 5162 gentur
353 5086 378 5141 a
397 5064 618 5142 Cardinali
634 5065 805 5143 Vicario
823 5088 921 5143 cum
939 5065 1105 5143 Summi
1123 5067 1344 5145 Pontifiois
1363 5067 1678 5167 approbatione,

183 5189 223 5264 et
241 5210 318 5287 per
337 5189 682 5289 quinquennium
703 5188 940 5267 dumtaxat.

334 5315 369 5410 6)
398 5313 494 5389 Η66
519 5314 666 5389 tamen
692 5314 832 5412 prima
858 5314 961 5404 vice,
990 5336 1043 5391 ne
1071 5314 1178 5392 forte
1206 5315 1426 5416 contingat
1453 5318 1502 5393 ut
1529 5339 1675 5394 omnes

184 5439 494 5516 examinatores
521 5436 651 5514 simul
677 5437 809 5514 officio
836 5439 1003 5527 cadant,
1031 5462 1184 5516 novem
1210 5439 1401 5540 ipsorum
1428 5464 1501 5541 per
1528 5442 1675 5518 decen-

185 5559 301 5636 nium
326 5561 550 5660 eligentur.
