4038 6274
395 435 447 492 188
702 441 778 494 Acta
797 439 986 508 Apostoltcac
1005 438 1103 494 Sedis.
1123 466 1141 478 -
1162 439 1420 494 commutarem
1442 441 1583 506 officiale.

394 623 595 694 doctrinam
621 623 750 694 Revmi
776 624 904 694 Patres
939 624 1198 694 concluserunt
1220 623 1311 692 nihil
1335 624 1481 694 obstare
1516 625 1714 714 quominus
1738 626 1882 696 actualis

396 721 729 818 Praesulllretinus
746 749 792 818 ad
810 769 944 819 novam
961 749 1214 818 executionem
1224 748 1423 836 Apostoliei
1440 749 1606 838 rescripti
1623 751 1801 821 deveniat

500 874 626 962 Neque
650 895 694 943 ex
719 875 874 944 adverso
897 880 1070 964 urgeatur
1093 875 1194 962 quod
1216 894 1282 962 per
1305 873 1462 962 spatium
1487 875 1637 964 triginta
1659 880 1696 946 et
1719 876 1811 946 ultra
1826 898 1883 946 an-

395 1018 528 1068 norum
545 996 618 1066 iam
635 999 793 1070 evaserit
815 998 1041 1087 praescripta
1057 999 1224 1068 executio
1244 997 1447 1068 litterarum
1466 999 1776 1088 Apostolicarum:
1803 1021 1883 1068 nam

396 1128 454 1198 hic
478 1151 553 1198 non
577 1128 696 1217 agitur
720 1126 764 1195 de
789 1124 965 1194 interesse
989 1122 1200 1211 particulari
1223 1127 1288 1192 aut
1311 1122 1549 1226 privatorum,
1567 1128 1632 1198 sed
1655 1130 1700 1198 de
1723 1128 1884 1216 gratiain

396 1254 535 1323 bonum
551 1259 587 1323 et
603 1251 798 1322 utilitatem
822 1248 996 1319 ecclesiae
1021 1247 1246 1337 paroecialis‚
1264 1249 1322 1317 cui
1342 1250 1563 1338 negligentia
1586 1259 1766 1323 rectorum
1791 1275 1886 1341 prae·

395 1376 555 1447 iudicare
580 1397 655 1446 non
679 1375 797 1444 debet.
813 1375 868 1443 Ad
881 1393 958 1443 rem
981 1372 1161 1462 allegatus
1179 1373 1231 1441 De
1249 1374 1350 1443 Rosa
1374 1373 1410 1442 in
1435 1377 1491 1442 cit.
1508 1379 1773 1446 additamento:
1797 1404 1815 1440 «
1830 1377 1887 1446 Di·

398 1529 415 1563 «
432 1501 553 1572 ximus
585 1503 684 1590 quod
720 1499 887 1570 executio
922 1497 1125 1568 litterarum
1150 1498 1443 1586 Apostolicarum
1480 1501 1741 1588 praescribitur
1773 1502 1887 1590 spatio

398 1627 478 1696 «30
500 1647 570 1711 an,
587 1626 747 1715 intellige
771 1625 894 1714 quoad
911 1623 1005 1692 viani
1026 1623 1265 1707 executivam,
1286 1644 1371 1692 nam
1395 1624 1537 1695 litterae
1562 1624 1639 1715 Ap,
1655 1627 1739 1697 licet
1762 1629 1806 1697 de
1828 1649 1890 1716 per

397 1783 413 1813 «
433 1774 471 1823 se
495 1753 657 1822 habeant
690 1751 764 1820 vim
789 1750 1037 1833 executivam,
1061 1753 1224 1817 attamen
1248 1748 1332 1818 hoe.
1347 1748 1576 1839 privilegium
1601 1752 1776 1822 amittunt
1809 1774 1886 1822 cunr

398 1905 415 1938 «
432 1876 567 1947 fuerint
602 1876 716 1964 elapsi
740 1876 785 1944 30
807 1873 905 1956 anni,
930 1874 1017 1962 quia
1040 1895 1105 1962 per
1127 1873 1201 1942 tale
1223 1878 1371 1963 tempus
1405 1875 1666 1962 praescribitur
1688 1878 1746 1946 via
1769 1899 1891 1947 execu-

399 2032 416 2062 «
433 2001 509 2071 tiva
512 2056 564 2071 .....
590 2001 662 2072 Sed
685 2000 862 2070 limitatur
885 1999 976 2068 haec
1000 1998 1198 2082 conclusio,
1223 2002 1264 2068 ut
1288 2000 1463 2086 procedat
1486 1993 1633 2088 quando
1658 2001 1800 2072 litterae
1823 2003 1892 2072 tue·

399 2127 506 2195 «rint
529 2147 726 2196 concessae
750 2125 799 2194 ad
821 2125 984 2193 savorem
1020 2122 1175 2192 alicuius
1199 2143 1378 2210 personae
1415 2124 1656 2210 particularis,
1681 2127 1738 2197 cui
1764 2129 1891 2197 obesse

399 2281 415 2312 «
434 2250 542 2319 debet
578 2249 725 2338 propria
748 2247 970 2338 negligentia
992 2247 1030 2315 in
1054 2247 1211 2335 petendo
1247 2246 1391 2316 illarum
1416 2249 1680 2336 executionem,
1704 2271 1813 2321 secus
1836 2274 1894 2320 au-

399 2382 504 2445 «tem
531 2375 594 2444 ubi
619 2375 739 2463 agitur
763 2373 807 2442 de
831 2371 962 2442 litteris
994 2371 1181 2442 concessis
1204 2372 1252 2440 ad
1275 2373 1439 2442 favorem
1463 2374 1637 2446 ecclesiae
1662 2376 1720 2445 vel
1744 2376 1893 2466 dignita·

399 2500 490 2569 «tis.
517 2500 595 2568 Hoc
612 2499 709 2568 enim
731 2519 818 2568 casu
844 2495 1064 2586 negligentia
1087 2495 1198 2565 unius
1215 2496 1492 2567 successoribus
1516 2519 1590 2568 non
1606 2505 1730 2586 potest
1752 2521 1893 2571 nocere.

399 2625 530 2694 «Rota
555 2624 590 2692 in
615 2627 648 2691 d.
674 2627 725 2691 de.
749 2629 817 2692 342
840 2623 940 2710 apud
965 2621 1075 2691 Cerro
1112 2619 1174 2689 ubi
1199 2621 1377 2710 allegatur
1411 2625 1541 2692 decisio
1565 2630 1630 2692 144
1654 2625 1753 2713 apud
1778 2625 1895 2696 Cocci-

399 2779 416 2812 «
435 2770 521 2817 num
541 2778 569 2816 ».

502 2875 574 2943 Noc
599 2871 727 2942 maiori
752 2871 891 2940 calculo
927 2871 1054 2940 haberi
1077 2872 1186 2941 debet
1210 2872 1248 2942 in
1271 2892 1360 2942 casu
1395 2871 1566 2942 invocata
1590 2874 1755 2962 exceptio
1794 2897 1896 2964 prae-

397 2999 606 3085 scriptionis
630 2999 850 3069 extinctivae
876 3020 941 3068 seu
965 2996 1189 3080 liberativae,
1213 3018 1257 3066 eo
1282 2998 1369 3086 quia
1393 2997 1440 3066 ab
1460 3019 1491 3066 a.
1512 2997 1607 3082 1875,
1632 3005 1798 3088 tempore
1824 3023 1896 3090 quo

397 3143 527 3210 nempe
563 3124 752 3194 obtentum
790 3123 860 3192 fuit
893 3122 1110 3210 rescriptum
1135 3121 1398 3210 Apostolicum,
1423 3121 1640 3192 enunciatus
1675 3123 1818 3195 reditus
1854 3147 1896 3194 ex

371 3227 623 3318 ¹oeconomiis
660 3248 917 3318 beneficiorum
942 3246 1152 3316 vacantium
1178 3245 1330 3316 Centeni
1366 3267 1556 3336 uunquam
1581 3249 1794 3336 persolutus
1819 3250 1897 3330 fuit,

396 3371 450 3440 uti
474 3373 725 3459 ex-parochus
750 3371 895 3442 Cardeti
920 3393 1019 3442 nunc
1043 3371 1217 3441 ecclesiae
1242 3371 1462 3440 cathedralis
1486 3373 1686 3442 canonicus
1711 3374 1780 3443 sub
1807 3375 1899 3443 iura-

397 3501 521 3565 mento
556 3497 732 3565 declarat:
759 3518 842 3565 nam
880 3497 1019 3566 omisso
1043 3496 1143 3583 quod
1174 3495 1260 3565 huic
1282 3495 1495 3566 testimonio
1530 3497 1788 3566 contradicunt
1813 3520 1899 3567 non-

397 3621 488 3690 nulli
515 3626 627 3691 testes
651 3644 673 3689 a
698 3621 922 3691 Marcentoni
959 3619 1126 3710 producti
1152 3621 1375 3690 affirmantes
1399 3642 1438 3690 sc
1461 3621 1649 3692 audivisse
1684 3622 1780 3692 hanc
1805 3623 1901 3693 solu·

396 3746 532 3814 tionem
558 3747 679 3815 locum
704 3746 889 3828 habuisse,
913 3745 1101 3814 observari
1126 3745 1230 3815 facile
1255 3751 1378 3833 potest
1407 3746 1506 3835 quod
1531 3746 1623 3816 haec
1657 3748 1899 3836 praescriptio

398 3869 540 3939 admitti
565 3871 702 3958 nequit,
718 3877 797 3939 turn
814 3870 861 3939 oh
879 3870 1059 3940 delectum
1085 3870 1280 3938 necessarii
1304 3870 1480 3958 temporis
1500 3870 1547 3939 ad
1562 3871 1900 3958 praescribendum,

397 3995 484 4083 quia
508 3995 554 4062 ab
580 4015 610 4063 a.
638 3996 724 4064 1875
759 3997 947 4083 usquead
973 4017 1004 4064 a.
1032 3994 1445 4083 1888,qu0uetunctus
1479 3993 1548 4064 fuit
1571 3995 1755 4083 parochus
1793 4017 1901 4066 oeco-

397 4137 530 4186 nomus
556 4117 697 4187 Moretti
730 4118 920 4206 paroeciae
944 4118 1015 4187 loci
1041 4116 1228 4201 Saccione,
1252 4123 1398 4186 tantum
1426 4118 1465 4186 13
1489 4117 1576 4187 anni
1608 4119 1842 4204 effluxerunt,
1866 4125 1902 4188 et

397 4243 483 4312 dein
517 4267 636 4333 usque
668 4244 715 4313 ad
739 4265 770 4312 a.
797 4243 900 4326 1905,
925 4249 966 4311 ut
990 4242 1100 4312 Curia
1123 4241 1275 4311 Aretina
1308 4247 1481 4325 testatur,
1506 4241 1675 4330 paroecia
1708 4242 1840 4312 recidit
1864 4243 1902 4311 in

398 4367 751 4437 administrationem
778 4367 927 4455 parochi
955 4367 1103 4454 plebani
1127 4367 1196 4436 loci
1223 4367 1409 4454 Bagnoro;
1434 4371 1513 4434 tum
1538 4365 1635 4454 quia,
1655 4365 1776 4453 posita
1793 4366 1903 4436 nulli-

396 4493 470 4557 tate
495 4489 629 4559 decreti
653 4488 1055 4572 executorialis,adhuc
1080 4487 1174 4558 actio
1199 4489 1246 4557 ad
1262 4488 1361 4557 illam
1387 4487 1604 4577 exigendam
1628 4488 1794 4557 nondum
1823 4495 1903 4558 erat

397 4619 494 4698 nata,
512 4621 547 4684 et
563 4614 714 4703 proinde
731 4612 969 4702 praescriptio
986 4633 1129 4683 currere
1146 4613 1334 4702 nequibat,
1352 4634 1435 4682 cum
1451 4611 1587 4682 actioni
1603 4613 1768 4681 nondum
1787 4620 1901 4683 natae

397 4737 594 4826 praescribi
613 4760 687 4806 non
704 4737 832 4825 possit.

502 4863 594 4934 Cum
619 4863 742 4950 itaque
767 4884 810 4932 ex
836 4883 948 4950 supra
971 4861 1194 4932 elucubratis
1218 4861 1308 4930 satis
1332 4867 1476 4931 constet
1498 4861 1543 4930 de
1560 4860 1747 4931 validitate
1770 4863 1903 4932 rescri-

398 4989 449 5078 pti
473 4990 539 5078 Ap.
565 4995 600 5058 et
623 5010 706 5059 cum
731 4989 810 5058 eius
835 4988 1001 5058 executio
1025 4988 1093 5058 rite
1118 5009 1191 5058 nou
1216 4987 1445 5077 processerit,
1467 5007 1585 5076 neque
1609 4988 1706 5057 lacta
1729 4989 1903 5058 executio

397 5135 531 5182 novam
556 5113 741 5201 impediat,
762 5113 849 5201 quia
872 5134 947 5180 non
971 5112 1016 5181 de
1039 5113 1157 5202 gratia
1180 5113 1347 5182 facienda
1374 5112 1439 5181 sed
1463 5113 1508 5182 de
1531 5111 1650 5200 gratia
1672 5112 1767 5181 tacta
1792 5133 1905 5202 nego·

397 5238 487 5306 tium
516 5243 581 5320 est,
606 5237 658 5306 nil
682 5237 782 5306 aliud
818 5243 995 5326 superest,
1020 5236 1101 5322 nisi,
1126 5243 1167 5307 ut
1190 5236 1345 5307 actualis
1371 5236 1588 5308 Ordinarius
1623 5237 1902 5325 quamprimum

397 5362 542 5448 expleat
565 5359 836 5430 commissionis
853 5359 1066 5430 Pontifieiae
1091 5361 1316 5444 mandatum,
1337 5359 1503 5448 rescripti
1526 5365 1653 5430 tenore
1670 5359 1708 5428 in
1724 5359 1905 5430 omnibus

397 5491 552 5554 servato.
578 5484 659 5554 Rite
685 5485 780 5554 facta
815 5485 1029 5555 executione
1054 5485 1229 5573 praedicti
1253 5485 1396 5571 indulti,
1420 5485 1605 5574 parochus
1628 5483 1699 5554 loci
1724 5483 1904 5573 Bagnoro
