4120 6284
351 459 386 516 ab
671 463 748 516 Acta
766 462 956 531 Apostoltcnc
969 461 1067 517 Sedis.
1087 489 1103 501 -
1125 462 1386 518 Commentortnm
1400 463 1541 530 officiolo.

335 627 426 735 'qua
450 647 661 736 Capitulum
687 648 791 736 plura
814 647 892 718 obit
914 668 1078 732 munera,
1105 669 1200 737 quae
1224 669 1269 718 ex
1293 649 1480 719 communi
1504 649 1698 738 disciplina
1724 650 1846 720 stricte

353 773 578 860 parochialia
601 774 793 844 habentur.

457 898 499 966 ln
523 897 601 968 iure
624 898 777 987 quaevis
812 900 990 987 usucapio
1014 920 1059 969 ex
1083 899 1318 988 possessione
1350 899 1496 970 initium
1519 906 1556 971 et
1579 907 1716 971 statum
1741 901 1848 990 capit,

352 1021 579 1106 D’Annibal,
598 1023 707 1092 uuor.
723 1025 866 1108 Morol,
882 1025 930 1108 Π,
942 1045 985 1092 n.
1003 1029 1087 1107 145;
1102 1023 1141 1093 in
1164 1043 1254 1093 casu
1276 1030 1411 1108 autem,
1436 1025 1621 1112 possessio
1637 1025 1764 1094 innixa
1779 1025 1849 1095 fuit

352 1145 460 1216 titulo
484 1144 638 1215 inhabili
661 1151 697 1216 et
720 1145 864 1216 vitioso.

456 1270 655 1340 Indubium
689 1270 789 1340 enim
812 1276 869 1341 est
902 1271 973 1341 iam
1000 1292 1022 1340 a
1045 1270 1164 1359 primo
1194 1276 1370 1360 tempore,
1394 1293 1468 1361 quo
1496 1269 1616 1342 crecta
1646 1271 1715 1341 fuit
1739 1273 1849 1342 Paro·

351 1393 480 1464 chialis
496 1395 657 1465 Ecclesia
680 1394 718 1464 in
735 1395 984 1486 Collegiatam,
1000 1395 1252 1466 intercessisse
1276 1396 1555 1466 conventionem
1580 1417 1647 1467 seu
1669 1397 1849 1467 remissio·

352 1531 437 1588 nem
461 1540 579 1605 curae,
601 1541 667 1591 seu
685 1549 703 1584 «
717 1541 828 1609 super
844 1521 963 1591 officio
980 1541 1088 1591 curae
1104 1521 1311 1591 animarum
1325 1549 1355 1604 »,
1371 1521 1467 1592 inter
1482 1521 1849 1610 Archipresbyterum

353 1643 678 1714 Bartholomaeum
701 1645 754 1715 De
778 1645 905 1716 Vaccis
929 1649 966 1715 et
990 1645 1210 1735 Capitulum.

455 1768 503 1838 At
525 1791 625 1839 anno
652 1769 737 1839 1493
766 1769 1068 1858 Archipresbyter
1098 1770 1283 1840 Antonius
1311 1771 1365 1840 De
1389 1771 1529 1854 Vaccis,
1561 1772 1672 1842 frater
1702 1777 1739 1842 et
1769 1793 1850 1842 suc-

351 1914 476 1964 cessor
505 1895 792 1980 Bartholomaei,
820 1895 858 1965 in
886 1903 1071 1967 conventu
1102 1897 1293 1984 capitulari
1324 1896 1453 1967 habito
1484 1897 1543 1968 die
1573 1899 1615 1966 14
1638 1897 1850 1968 Decembris

263 2105 268 2113 ι
351 2019 504 2089 edoctus
532 2020 576 2089 de
600 2019 699 2090 dicta
721 2019 956 2105 remissione,
987 2018 1087 2090 illam
1120 2020 1338 2108 approbavit
1362 2028 1398 2090 et
1421 2021 1613 2109 amplexus
1636 2021 1716 2105 fuit,
1739 2021 1850 2090 bene·

353 2142 488 2230 placito
520 2165 664 2232 semper
700 2143 806 2214 Sedis
840 2144 1074 2232 Apostolicae
1109 2150 1146 2215 et
1179 2145 1329 2215 alterius
1364 2145 1564 2234 superioris
1599 2146 1713 2230 salvo,
1737 2145 1849 2215 immo

352 2273 457 2337 etex
484 2273 573 2338 tunc
605 2267 744 2338 remisit
771 2268 907 2340 dictam
939 2290 1082 2356 curam,
1114 2291 1222 2340 suam
1252 2272 1488 2341 exonerando
1520 2277 1556 2340 et
1587 2271 1849 2341 conscientiam

353 2391 512 2481 Capituli
536 2395 735 2480 onerando,
758 2394 973 2465 huiusmodi
1000 2401 1125 2465 tamen
1154 2395 1364 2466 conditione
1394 2386 1547 2480 adiecta,
1574 2401 1758 2485 quatenus
1783 2395 1850 2466 Ca-

352 2517 512 2607 pitulum
536 2519 672 2590 faceret
695 2541 778 2591 cum
803 2521 935 2591 effectu
957 2521 1058 2610 quod
1075 2520 1113 2590 in
1129 2543 1268 2591 annum
1286 2520 1451 2609 proxime
1475 2519 1850 2610 sequentem-Sancta

354 2643 474 2714 Sedes·
497 2644 710 2731 Apostolica
732 2643 985 2716 remissionem
1017 2651 1247 2733 praesentem
1275 2645 1456 2715 admittat.
1485 2645 1531 2714 ut
1562 2665 1650 2715 casu
1681 2665 1755 2733 quo
1778 2643 1849 2714 boc

353 2788 428 2836 non
453 2767 680 2838 obtineretur
703 2790 726 2838 a
750 2767 886 2839 Sancta
917 2769 1011 2840 Sede
1043 2774 1080 2840 et
1110 2789 1185 2839 non
1216 2769 1433 2840 liberaretur
1463 2769 1541 2856 ipse
1572 2769 1753 2839 Dominus
1785 2769 1850 2837 Ar-

351 2891 601 2980 chipresbyter
635 2893 682 2962 ab
717 2865 828 2963 onere
860 2894 978 2964 dictae
1003 2914 1123 2979 curae,
1147 2899 1333 2965 transacto
1368 2893 1470 2964 dicto
1493 2915 1603 2977 anno,
1630 2895 1704 2964 sint
1727 2899 1850 2982 partes

350 3022 387 3087 et
410 3017 596 3106 quaelibet
618 3039 745 3089 earum
770 3018 809 3088 in
831 3019 997 3089 terminis
1021 3019 1230 3108 primaevis,
1254 3025 1364 3108 prout
1386 3025 1488 3089 erant
1513 3025 1598 3089 ante
1619 3026 1848 3108 praesentem

351 3143 634 3213 conventionem
650 3149 687 3214 et
702 3144 967 3214 remissionem.

455 3267 555 3338 Haec
571 3267 766 3338 conventio
790 3289 856 3338 seu
871 3269 1039 3340 remissio
1063 3290 1188 3340 curam
1206 3269 1411 3340 animarum
1436 3270 1665 3359 respiciebat,
1682 3277 1723 3341 ut
1738 3277 1850 3360 patet.

350 3393 399 3463 At
409 3394 681 3484 beneplacitum
690 3395 942 3484 Apostolicum
957 3397 1147 3467 obtentum
1161 3417 1237 3466 non
1249 3395 1331 3466 luit:
1345 3418 1421 3467 non
1433 3396 1552 3468 solum
1567 3398 1611 3468 de
1624 3397 1686 3467 illo
1698 3398 1850 3468 obtento

346 3539 426 3589 uon
450 3524 607 3604 constat,
624 3521 689 3591 sed
708 3540 777 3591 nec
792 3520 1096 3609 Archipresbyter
1119 3526 1340 3592 exoneratus
1357 3521 1402 3592 de
1415 3521 1512 3592 facto
1524 3523 1594 3592 fuit
1609 3543 1696 3593 eura
1712 3523 1852 3593 anima-

349 3665 442 3713 rum.
462 3643 571 3729 Quod
587 3644 618 3714 si
636 3643 845 3733 Capitulum
870 3645 1119 3733 perseveravit
1134 3645 1173 3715 iu
1189 3666 1277 3716 cura
1300 3645 1518 3731 animarum,
1536 3646 1665 3716 saltem
1682 3667 1727 3717 ex
1746 3654 1850 3735 parta

349 3769 564 3852 exercenda,
585 3773 627 3838 ut
648 3773 750 3856 patet
772 3789 817 3838 ex
842 3769 1072 3839 documentis
1096 3769 1169 3838 iam
1193 3769 1241 3839 ab
1265 3769 1469 3840 ann01486
1492 3775 1529 3840 et
1555 3771 1641 3841 1506
1664 3771 1853 3842 existenti-

350 3890 439 3976 bus,
465 3865 615 3962 omnino
650 3893 875 3963 censendum
899 3897 956 3963 est
986 3913 1068 3962 eam
1091 3893 1298 3963 exercuisse
1332 3892 1439 3964 titulo
1474 3893 1571 3964 illius
1594 3896 1851 3965 conventionis

349 4036 418 4086 seu
441 4016 681 4101 remissionis,
710 4016 919 4106 illegitimae
942 4038 1093 4106 prorsus
1116 4023 1153 4088 et
1172 4017 1310 4088 nullius
1333 4019 1479 4104 valoris
1507 4019 1663 4109 ideoque
1687 4021 1850 4108 precario

349 4142 449 4212 velut
472 4142 691 4227 exercuisse,
715 4148 825 4231 atque
861 4143 1135 4232 possessionem
1158 4143 1265 4214 titulo
1289 4165 1365 4214 non
1389 4144 1508 4214 solum
1544 4144 1698 4215 inhabili
1722 4147 1786 4216 sed
1814 4153 1851 4217 et

349 4265 483 4336 vitioso
507 4265 723 4356 incoepisse.
749 4267 842 4338 Cum
865 4273 988 4338 autem
1014 4288 1058 4338 ex
1081 4288 1158 4339 una
1181 4275 1284 4356 parte
1307 4289 1417 4339 nemo
1437 4268 1507 4339 sibi
1531 4290 1681 4340 causam
1706 4271 1851 4359 posses-

349 4391 465 4461 sionis
489 4397 632 4462 mutare
667 4393 793 4480 possit,
817 4398 853 4463 et
888 4413 933 4464 ex
956 4392 1030 4462 alia
1063 4393 1301 4481 praescriptio
1325 4394 1600 4465 immemorialis
1634 4417 1709 4466 non
1740 4396 1849 4467 faciat

347 4537 580 4605 praesumere
603 4517 750 4587 titulum
775 4517 963 4588 meliorem
980 4518 1025 4587 de
1049 4518 1199 4604 mundo,
1215 4519 1364 4607 quando
1389 4524 1544 4603 constat,
1560 4526 1602 4590 ut
1618 4519 1655 4590 in
1681 4542 1781 4605 casu,
1801 4521 1846 4592 de

347 4641 455 4711 titulo
480 4641 633 4711 inhabili
649 4647 685 4712 et
700 4641 845 4727 vitioso,
862 4663 884 4711 a
899 4663 974 4731 quo
999 4641 1144 4712 initium
1170 4642 1338 4731 sumpsit,
1356 4643 1651 4714 concludendum
1676 4650 1733 4715 est
1752 4643 1848 4715 hanc

348 4763 636 4852 usucapionem,
675 4765 752 4834 sive
791 4765 1113 4853 praescriptionem
1152 4765 1210 4835 vel
1249 4765 1557 4836 consuetudinem
1587 4767 1726 4837 nullius
1748 4767 1849 4850 ralo-

347 4887 398 4957 ris
428 4908 520 4958 esse.
836 4983 839 4992 Ι

451 5013 505 5083 30.
530 5013 633 5096 Dein,
657 5019 698 5083 ut
721 5012 1056 5102 praetermittamus
1079 5015 1176 5084 hanc
1206 5013 1480 5102 possessionem
1511 5036 1586 5085 non
1610 5016 1723 5086 luisse
1754 5037 1850 5087 sem-

347 5159 412 5226 per
435 5139 646 5208 continuam
672 5144 708 5209 et
732 5139 932 5227 pacificam,
948 5161 993 5210 ea
1016 5140 1074 5210 vel
1098 5139 1168 5210 fuit
1190 5139 1403 5229 aequivoca,
1419 5140 1478 5210 vel
1501 5161 1576 5210 non
1599 5141 1712 5212 luisse
1736 5143 1845 5212 talem

349 5285 421 5333 non
447 5265 633 5353 probatur.

452 5392 545 5461 Nam
569 5391 601 5461 si
625 5413 670 5462 ex
693 5392 786 5463 actis
820 5392 1042 5463 sufficienter
1075 5395 1252 5481 probatur
1287 5395 1436 5485 quidem
1459 5394 1551 5465 baec
1586 5395 1666 5464 iura
1689 5395 1848 5466 exercita

343 5515 461 5585 ¹luisse
485 5516 694 5604 aCapitulo
718 5517 842 5588 invitis
866 5522 903 5588 et
926 5519 1194 5589 reluctantibus
1217 5519 1345 5602 tertiis,
1361 5541 1436 5589 non
1459 5520 1637 5607 probatur
1658 5527 1848 5591 tamenea
