4120 6284
402 415 437 472 70
700 420 777 474 Acta
796 419 985 488 Apostolicec
1004 419 1101 474 Sedis.
1120 449 1138 459 -
1161 421 1419 476 commentarium
1441 421 1581 488 officiolo.

505 604 549 671 In
575 606 706 674 Octova
728 605 966 674 ascensionis.
983 603 1127 691 Duplex
1152 605 1283 693 majus

504 783 550 850 In
572 785 673 852 Festo
695 784 759 852 SS.
786 785 974 851 Trinitatis
998 783 1178 849 addetur:
1202 782 1345 871 Duplex
1370 781 1396 851 l.
1421 783 1560 853 classis

508 962 550 1027 Im
573 963 644 1046 fine
666 963 793 1029 Feriae
815 961 876 1030 IV.
900 965 976 1045 post
1003 961 1070 1028 Oct.
1095 962 1309 1029 Pmteooates
1330 964 1382 1030 aio
1404 965 1632 1048 oomipamtmr
1656 963 1848 1030 Rubricae:

505 1067 610 1137 Feria
632 1067 671 1136 V.
698 1067 901 1138 celebratur
924 1066 1232 1136 commemoratio
1265 1067 1439 1138 solemnis
1464 1067 1693 1138 Sanctissimi
1721 1068 1894 1157 Corporis

505 1280 604 1350 lnira
629 1281 805 1352 Octavam
825 1301 900 1350 non
918 1279 955 1348 iit
975 1280 1019 1350 de
1036 1280 1156 1364 Festo,
1172 1280 1245 1350 nisi
1261 1281 1371 1351 fuerit
1386 1282 1528 1370 Duplex
1548 1283 1573 1351 l.
1590 1282 1735 1353 classis:
1752 1283 1893 1370 reliqua

400 1391 508 1459 Festa
532 1389 590 1458 vel
614 1388 884 1457 transferuntur
907 1394 991 1475 post
1015 1386 1201 1472 Octavam,
1220 1386 1278 1457 vel
1294 1393 1629 1458 commemorantur
1639 1391 1746 1479 juxta
1761 1389 1894 1459 Rubri-

400 1517 473 1581 cas,
497 1495 534 1564 in
558 1494 730 1582 Vesperis
753 1499 790 1563 et
813 1492 1013 1579 Laudibus
1038 1493 1116 1563 sine
1141 1493 1201 1563 IX.
1226 1494 1393 1565 lectione.

504 1601 570 1671 Die
594 1622 679 1671 vero
705 1600 845 1671 Octava
867 1620 944 1670 non
968 1600 1010 1669 lit
1036 1600 1108 1671 nisi
1138 1601 1182 1670 de
1214 1601 1323 1671 Festo
1350 1601 1412 1672 SS.
1438 1602 1698 1690 Apostolorum
1727 1604 1826 1674 Petri
1857 1609 1895 1673 et

399 1711 514 1792 Pauli,
542 1708 572 1778 si
597 1713 775 1794 occurrat,
799 1728 879 1777 cum
906 1707 1253 1777 commemoratione
1278 1709 1442 1797 ejusdem
1471 1708 1541 1779 diei
1567 1710 1736 1779 Octavae.

488 1818 527 1886 ln
546 1817 893 1887 Counsuoanrmnn
910 1833 1068 1883 sonsum
1086 1816 1318 1885 Slncmssnss
1336 1814 1520 1886 Conroms
1535 1816 1575 1885 D.
1594 1816 1634 1886 N.
1652 1816 1682 1885 J.
1697 1816 1735 1886 C.
1748 1820 1894 1902 Duplam

397 1927 426 1993 Ι.
450 1927 681 1992 olcasiacum
707 1924 846 1990 Octavo.

685 2151 867 2220 Donmrcl
893 2170 1000 2219 rurus
1027 2150 1205 2220 Ocrlvlu
1230 2151 1415 2220 Conronrs
1441 2150 1601 2220 Cnmsrr.

500 2349 546 2416 In
567 2348 615 2416 IL
646 2350 815 2432 Vesperis,
836 2367 907 2432 pro
938 2349 1262 2414 commemoratione
1296 2348 1443 2414 Oetaeae
1468 2352 1656 2432 ponantur
1683 2350 1895 2435 Antiphone·

397 2460 427 2526 ei
451 2458 485 2542 Ῠ.
509 2477 526 2522 e
549 2455 577 2522 I.
608 2455 705 2539 Vesp.
728 2456 834 2520 Festi.

499 2562 544 2628 In
574 2563 643 2646 fam
669 2562 797 2628 Feriee
824 2560 885 2628 IV.
910 2562 1016 2644 infra
1050 2560 1216 2627 Octavam
1249 2557 1413 2643 Corporis
1446 2559 1580 2628 Christi
1608 2564 1660 2628 sic
1690 2565 1895 2648 corripotnr

397 2669 573 2737 Rubrioa:

498 2775 556 2844 Ad
580 2773 771 2861 Vesperas,
796 2772 921 2842 omnia
944 2778 986 2841 ut
1009 2771 1047 2840 in
1072 2771 1097 2841 l.
1122 2771 1293 2860 Vesperis
1318 2771 1426 2842 Festi.
1453 2771 1491 2844 Si
1515 2773 1683 2862 sequenti
1708 2775 1766 2844 die
1791 2775 1893 2845 aliud

396 2881 547 2952 Festum
577 2884 755 2963 occurrat,
779 2879 838 2948 vel
868 2879 1110 2947 transferatur
1141 2878 1199 2947 vel
1230 2884 1537 2948 commemoretur
1562 2881 1669 2970 juxta
1700 2881 1894 2968 Rubricas,

396 2987 468 3058 nisi
492 2988 540 3057 sit
564 2987 714 3057 Festum
738 2987 803 3056 SS.
827 2985 1090 3074 Apostolorum
1117 2985 1211 3055 Petri
1237 2991 1272 3055 et
1297 2985 1413 3071 Pauli,
1437 2987 1537 3074 quod
1568 2987 1782 3072 celebratur,
1807 3009 1892 3060 cum

397 3093 743 3165 commemoratione
769 3093 940 3162 Octavae.

1055 3324 1169 3394 Fnum
1193 3325 1233 3394 V.

730 3484 869 3555 Octava
894 3483 1067 3572 Corporis
1091 3483 1237 3554 Christi.
1261 3486 1405 3570 Duplam
1426 3489 1556 3572 majas.

497 3681 543 3746 In
565 3681 635 3764 fimo
652 3681 815 3763 ponatur
837 3681 923 3746 hoec
946 3680 1120 3747 Robrica:

499 3802 674 3892 Sequenti
699 3802 756 3871 die
781 3802 985 3872 celebratur
1002 3802 1158 3878 Festum
1183 3801 1429 3872 sacratissimi
1461 3801 1591 3872 Cordis
1620 3803 1719 3891 Jesu,
1742 3805 1787 3873 de
1815 3827 1896 3894 quo

394 3911 497 3981 nulla
519 3909 560 3977 iit
584 3908 883 3979 commemoratio
900 3909 937 3976 in
955 3909 999 3977 ll.
1016 3909 1187 3998 Vesperis
1203 3909 1274 3978 diei
1292 3909 1452 3978 Octavae
1471 3909 1534 3979 SS.
1553 3909 1726 3998 Corporis
1743 3909 1895 3982 Christi.

499 4016 537 4086 Si
561 4020 684 4086 autem
709 4016 818 4086 hodie
851 4015 1073 4086 celebratum
1106 4015 1153 4085 sit
1184 4015 1335 4086 Festum
1360 4015 1415 4085 Ss.
1439 4016 1702 4104 Apostolorum
1732 4017 1831 4087 Petri
1855 4027 1896 4089 et

395 4123 500 4194 Pauli
524 4144 607 4194 cum
631 4123 978 4193 commemoratione
1004 4122 1164 4193 Octavae
1190 4122 1253 4192 SS.
1273 4123 1445 4211 Corporis
1471 4123 1616 4208 Christi,
1640 4123 1678 4192 in
1694 4124 1738 4193 Il.
1755 4124 1896 4215 Vespe-

394 4232 445 4301 ris
470 4230 526 4300 Ss.
549 4229 812 4319 Apostolorum
836 4229 877 4299 fit
899 4234 1043 4300 tantum
1069 4229 1368 4300 commemoratio
1386 4230 1430 4300 de
1447 4230 1615 4319 sequenti
1639 4229 1748 4301 Festo
1766 4232 1895 4302 Sacra·

394 4336 526 4408 tissimi
551 4336 681 4407 Cordis
705 4337 803 4406 Jesu.

815 4571 860 4636 In
882 4572 1028 4656 proprio
1053 4569 1263 4639 Sanctorum
1285 4571 1474 4638 Breviorii.

949 4777 1018 4847 Dm
1043 4779 1086 4848 14
1109 4779 1332 4850 Dncsusms.

495 4942 553 5009 Ad
583 4942 753 5026 Vesperco
775 4945 1029 5026 supprimatur
1052 4942 1210 5008 Robrica
1232 4961 1324 5026 qnae
1346 4942 1493 5025 mcipit:
1518 4938 1556 5009 Si
1581 4938 1659 5008 dies
1680 4939 1832 5010 Octava.

949 5152 1018 5220 Dm
1045 5153 1086 5221 15
1110 5151 1332 5224 Dncnuenrs.

496 5314 539 5383 ln
565 5313 705 5384 Octava
728 5313 990 5384 Immaculatae
1015 5310 1275 5401 Conceptionis
1299 5313 1343 5384 B.
1366 5312 1410 5381 M.
1433 5310 1475 5382 V.
1490 5315 1598 5398 Dapt.
1623 5317 1753 5403 majm.
