4038 6274
426 453 478 510 118
733 456 810 512 Acta
828 455 1019 525 Apostoltooe
1037 455 1135 512 Sedis.
1154 483 1173 496 ·
1194 456 1455 512 Gommcotorlum
1476 457 1618 524 officiale.

422 669 446 704 ι(
463 662 531 729 pas
555 640 658 711 avoir
680 640 781 729 parle
806 641 851 711 de
874 639 1034 711 divorce.
1053 639 1147 717 Mais
1170 640 1296 729 quand
1326 641 1380 711 les
1411 640 1604 711 difficulter
1628 644 1713 710 sont
1735 659 1877 725 vennas,
1889 641 1912 710 il

427 791 447 829 a
463 767 569 836 m’est
592 766 709 836 arrive
733 764 918 854 plusieurs
941 764 1012 836 fois
1035 766 1081 837 de
1106 786 1276 836 menacer
1298 786 1386 836 mon
1409 766 1501 836 mari
1525 767 1569 836 de
1593 766 1793 836 demander
1815 766 1847 836 le
1867 767 1913 836 di-

423 916 446 954 vc
462 909 616 961 vorce».
643 891 747 976 Quae
770 889 946 974 assertio,
969 889 1008 959 in
1030 890 1212 972 themate,
1236 911 1281 961 eo
1304 895 1362 960 est
1384 891 1547 981 gravior,
1570 889 1658 980 qnia
1680 895 1760 960 tota
1794 911 1914 960 caussa

425 1015 602 1084 fundatur
625 1014 662 1084 in
686 1013 876 1103 proposito
900 1015 1000 1104 quod
1024 1015 1105 1104 ipse
1128 1015 1238 1087 Anna
1260 1037 1329 1085 suo
1354 1015 1478 1086 animo
1502 1016 1730 1105 concepisset
1745 1020 1782 1086 et
1804 1015 1914 1086 verbis

426 1139 670 1230 significasset
693 1145 778 1210 ante
802 1140 963 1229 nuptias.
1552 1235 1554 1242 Α

531 1266 613 1336 Non
636 1266 759 1356 agitur
792 1266 888 1337 enim
914 1267 960 1337 (19
984 1267 1194 1338 conditione
1217 1271 1427 1353 inpactum
1461 1268 1630 1354 deducta,
1653 1268 1720 1338 sed
1742 1267 1788 1338 de
1811 1267 1917 1336 suble

426 1389 532 1460 ctivo
546 1389 675 1460 Annae
699 1369 900 1479 proposito,
917 1390 1101 1462 contrario
1124 1391 1355 1463 substantiae
1391 1391 1627 1478 matrimonii,
1651 1391 1752 1480 quod
1775 1395 1918 1460 eatenus

364 1533 368 1540 ’
426 1513 734 1584 matrimonialem
769 1535 991 1586 consensum
1026 1515 1213 1588 infirmare
1249 1521 1408 1606 poterat,
1432 1523 1615 1606 quatenus
1638 1516 1677 1586 id
1701 1516 1748 1586 ab
1772 1515 1919 1604 ipsamet

425 1638 536 1710 Anna
558 1639 826 1711 intendebatur.
851 1641 952 1711 Haec
974 1645 1100 1711 autem
1122 1641 1279 1712 candide
1309 1643 1412 1714 lassa
1435 1648 1508 1713 est:
1534 1624 1603 1712 «h
1626 1639 1919 1723 cemoment-lt,

427 1791 446 1826 «
459 1764 581 1854 j’eteis
616 1785 748 1835 encore
783 1767 858 1836 tres
892 1767 1040 1853 enlant;
1075 1766 1113 1838 la
1134 1769 1270 1856 pensee
1294 1768 1339 1838 de
1370 1767 1407 1837 la
1434 1767 1638 1856 possibilite
1667 1768 1756 1837 d’un
1791 1764 1919 1836 second

428 1917 445 1951 «
463 1889 626 1979 mariage
649 1910 696 1960 ne
713 1891 819 1960 m’est
841 1892 961 1962 meme
976 1912 1045 1980 pas
1060 1913 1191 1962 venue.
1216 1891 1285 1962 J'ai
1301 1892 1371 1963 dit:
1397 1897 1416 1932 ‘⁶
1435 1891 1506 1963 Oui
1522 1893 1576 1964 ”...
1599 1912 1708 1981 parce
1732 1911 1805 1980 que
1817 1891 1853 1980 je
1869 1909 1920 1958 me

427 2041 446 2076 «
464 2013 614 2084 mariais
650 2034 792 2084 comme
826 2036 875 2085 on
909 2037 949 2087 se
985 2016 1112 2104 marie,
1133 2016 1429 2087 ordinairement
1467 2017 1508 2087 Je
1542 2015 1615 2087 n'ai
1652 2017 1765 2105 pense
1798 2014 1922 2084 arien

428 2143 615 2208 «autre».

517 2266 578 2336 ut
600 2267 672 2337 hoe
695 2265 889 2338 confirmat
911 2266 1070 2337 Domina
1093 2267 1285 2355 Cameron,
1301 2289 1397 2357 quae
1420 2267 1551 2340 Annae
1572 2267 1828 2357 quaestionem
1852 2285 1924 2354 pro-

425 2411 572 2478 ponens
595 2413 643 2461 an
667 2413 733 2481 pro
757 2397 857 2464 certo
880 2391 1032 2463 haberet
1063 2413 1103 2462 99
1126 2413 1208 2463 cum
1235 2392 1394 2463 Domino
1418 2393 1472 2462 de·
1488 2391 1696 2463 Castellane
1719 2389 1922 2462 felicitatem

427 2520 727 2602 consecuturam,
749 2516 847 2587 hanc
870 2517 918 2586 ab
941 2515 1050 2586 Anna
1081 2517 1212 2587 hahuit
1234 2517 1531 2606 responsionem:
1556 2543 1576 2581 e
1594 2517 1658 2588 S’il
1681 2537 1728 2587 ne
1752 2537 1812 2586 me
1839 2513 1924 2584 rend

428 2639 569 2728 «point
597 2640 791 2725 heureuse,
815 2642 852 2732 je
875 2641 1077 2712 divorcerai
1095 2669 1125 2711 ».
1154 2642 1200 2712 Et
1230 2641 1466 2731 prosequitur
1496 2641 1580 2712 Dila
1607 2641 1813 2713 Cameren:
1840 2667 1858 2703 ‹
1874 2639 1924 2708 1111

429 2791 447 2828 «
464 2764 662 2854 Amerique
685 2786 842 2855 presque
866 2772 989 2838 toutes
1013 2767 1067 2837 les
1086 2768 1219 2858 jeunes
1234 2766 1327 2838 filles
1350 2766 1413 2856 qui
1437 2789 1478 2838 se
1501 2765 1668 2850 marient,
1684 2773 1751 2836 ont
1766 2769 1861 2836 cette
1876 2764 1926 2832 in-

428 2918 447 2953 «
464 2889 606 2960 teution
641 2891 764 2962 d’user
788 2891 836 2961 du
861 2891 1008 2962 divorce
1032 2892 1064 2962 si
1086 2891 1121 2962 le
1145 2891 1305 2982 mariage
1325 2914 1372 2963 ne
1395 2892 1449 2962 les
1472 2892 1564 2962 rend
1588 2912 1656 2980 pas
1677 2891 1882 2962 heureuses
1898 2917 1925 2956 ».

427 3014 603 3085 Dubitari.
620 3036 707 3106 ergo
731 3037 807 3086 non
830 3015 914 3087 licet
937 3017 1027 3106 quin
1052 3017 1161 3088 Anna
1192 3015 1468 3087 matrimonium
1493 3037 1516 3086 a
1540 3016 1687 3087 Christo
1718 3015 1924 3086 institutum

429 3140 646 3211 contrahere
670 3140 839 3227 voluerit,
856 3141 894 3212 in
918 3162 1035 3231 eoque
1060 3163 1281 3213 consensum
1305 3163 1415 3213 suum
1440 3141 1622 3228 direxerit,
1638 3140 1811 3232 quamvis
1835 3158 1926 3210 erro·

427 3285 495 3336 nee
519 3265 741 3352 admisisset,
766 3287 805 3336 99
829 3287 939 3355 posse
963 3266 1071 3337 certis
1094 3267 1140 3337 de
1165 3266 1287 3338 causis
1311 3288 1334 3337 9
1357 3266 1436 3337 viro
1459 3267 1664 3352 discedere;
1688 3287 1755 3336 seu
1788 3269 1928 3336 contra-

427 3389 522 3461 xerit
544 3413 624 3461 oum
647 3413 765 3462 errore
786 3395 883 3463 ioris
906 3392 1193 3476 matrimonium,
1210 3392 1310 3481 quod
1333 3413 1378 3462 ex
1402 3391 1568 3463 dicendis
1590 3390 1754 3461 validum
1775 3395 1843 3461 est

531 3517 578 3586 39
601 3519 711 3586 Anna
732 3537 820 3587 vero
845 3538 928 3588 cum
954 3517 1164 3606 cognoverit
1188 3516 1342 3587 Comitis
1367 3516 1462 3587 Boni
1486 3517 1531 3586 de
1556 3515 1762 3586 Castellane
1789 3512 1929 3603 deposi-

427 3641 578 3725 tionem,
599 3646 636 3712 91
652 3641 803 3712 loannis
827 3661 847 3712 e
872 3641 1104 3729 Principibus
1129 3641 1197 3712 Del
1220 3641 1342 3730 Drago
1366 3640 1595 3730 aliorumque
1611 3640 1759 3710 testium
1779 3643 1928 3709 attesta-

426 3764 560 3851 tiones,
584 3765 887 3854 protestationem
913 3766 1035 3837 emisit
1051 3766 1230 3836 adversus
1254 3765 1323 3835 hos
1347 3771 1472 3849 testea,
1490 3769 1526 3834 et
1541 3763 1675 3834 obtulit
1698 3761 1931 3834 1191981111-

427 3889 567 3975 bunali,
584 3891 826 3980 eamdemque
849 3890 987 3980 publici
1004 3890 1095 3961 iuris
1111 3890 1196 3962 fecit
1211 3891 1349 3962 vinculi
1365 3890 1557 3961 Defensor.
1574 3891 1785 3960 Protestata
1808 3892 1929 3958 antem

429 4018 487 4083 est
509 4015 634 4083 Anna:
661 4042 679 4077 ‹
697 4014 738 4084 Je
762 4013 836 4084 n'ai
859 4035 927 4103 pas
951 4020 1039 4084 tenu
1062 4014 1096 4084 le
1120 4015 1274 4105 langage
1298 4027 1370 4105 que
1385 4036 1444 4085 me
1467 4016 1568 4102 prete
1593 4015 1656 4083 Mr.
1681 4013 1773 4083 Jean
1799 4013 1846 4082 de
1871 4009 1931 4080 Ca·

431 4139 653 4209 «stellano...
679 4139 720 4209 19
744 4139 823 4209 suis
846 4140 1007 4210 certaine
1042 4159 1115 4228 que
1134 4141 1172 4230 je
1195 4139 1268 4209 n’ai
1293 4160 1361 4229 pas
1392 4139 1525 4229 charge
1549 4139 1632 4209 Don
1658 4136 1844 4209 Giovanni
1869 4133 1931 4204 Del

432 4291 450 4326 «
467 4262 600 4351 Drago,
617 4283 666 4333 ou
691 4263 754 4352 qui
770 4284 811 4334 99
835 4264 918 4349 soit,
935 4264 980 4333 de
1004 4263 1094 4334 faire
1112 4264 1157 4334 (19
1180 4285 1242 4333 ma
1258 4271 1341 4353 part
1363 4286 1436 4334 une
1453 4263 1677 4334 declaration
1701 4263 1931 4352 quelconque

432 4390 491 4457 «e
515 4389 578 4456 Mr.
605 4387 768 4458 Boni-de
793 4387 1000 4458 Castellane
1023 4389 1057 4458 le
1082 4388 1198 4458 malin
1222 4410 1271 4458 ou
1295 4388 1332 4458 la
1354 4388 1462 4459 voille
1484 4389 1529 4459 de
1553 4394 1657 4459 notre
1693 4387 1868 4477 mariage.
1892 4425 1933 4436 -

431 4543 448 4576 «
466 4512 660 4583 1)’91119919
683 4513 717 4584 19
734 4513 863 4584 Ρ111199
888 4513 957 4584 Del
976 4513 1098 4603 Drago
1121 4514 1257 4583 n’avait
1282 4534 1426 4584 aucune
1449 4513 1605 4583 relation
1628 4534 1718 4584 avec
1741 4513 1818 4582 moi
1844 4516 1879 4581 et
1898 4511 1932 4600 je

431 4667 449 4702 «
466 4640 606 4709 n'avais
630 4661 697 4728 pas
721 4640 766 4710 de
790 4639 1022 4710 conlidenoes
1047 4641 1069 4708 1
1092 4638 1143 4709 lui
1168 4639 1268 4709 faire.
1294 4639 1392 4710 C’est
1415 4640 1460 4709 de
1484 4639 1520 4708 la
1543 4660 1632 4728 pure
1657 4637 1852 4708 calomnia.
1869 4635 1934 4704 Del

431 4794 450 4829 «
467 4765 588 4855 Drago
623 4766 712 4835 etait
734 4787 787 4835 un
810 4765 884 4835 ami
908 4766 953 4835 de
978 4767 1040 4835 Mr.
1065 4766 1111 4837 de
1136 4765 1353 4850 Castellane,
1378 4764 1472 4835 meis
1495 4785 1572 4834 non
1595 4765 1640 4835 de
1664 4785 1726 4834 ma
1748 4763 1889 4834 iamille
1906 4789 1933 4828 ».

533 4889 700 4960 Advertit
715 4895 905 4979 praeterea
919 4892 1039 4976 Anna,
1055 4892 1156 4980 quod
1172 4889 1203 4959 si
1220 4889 1449 4979 propositum
1468 4889 1660 4960 habuisset
1675 4909 1805 4958 revera
1822 4887 1934 4957 disce·

430 5015 537 5086 cendi
562 5035 584 5084 a
606 5015 684 5084 viro
710 5015 832 5085 statim
859 5037 901 5086 ac
925 5016 970 5085 de
995 5015 1210 5086 infidelitate
1232 5015 1293 5085 hic
1317 5015 1419 5104 argui
1443 5018 1580 5102 posset,
1603 5035 1679 5084 non
1703 5017 1935 5102 expectasset

432 5141 471 5211 ll
498 5161 634 5211 annos:
661 5140 736 5210 «Si
756 5141 887 5230 j’avais
911 5141 1026 5210 voulu
1060 5140 1242 5225 divorcer,
1267 5161 1410 5210 comme
1434 5160 1483 5209 on
1517 5139 1551 5209 le
1586 5138 1749 5227 pretend,
1783 5135 1936 5228 J’aurais

431 5294 450 5329 ‹
467 5265 596 5354 profite
628 5267 672 5335 de
704 5265 739 5334 la
763 5266 940 5353 premiere
972 5267 1144 5336 occasion
1180 5265 1657 5354 quis’offrait31apreuve
1688 5263 1862 5333 evidente
1893 5261 1935 5328 de

431 5418 451 5455 ι
466 5391 503 5460 19
526 5391 714 5460 mauvaise
747 5391 919 5462 conduite
951 5393 996 5462 (19
1028 5391 1091 5460 Mr.
1120 5391 1165 5460 de
1198 5390 1405 5461 Castellane
1436 5389 1526 5459 trois
1558 5409 1625 5458 ans
1656 5389 1764 5476 apres
1798 5388 1833 5457 le
1864 5407 1936 5455 ma-

430 5544 450 5581 «
466 5537 567 5606 nege
632 5544 661 5584 ».
