4120 6284
374 237 411 294 51
685 244 762 298 Acta
780 243 970 311 apostoleco
989 241 1086 298 Sedis.
1106 269 1123 279 -
1145 240 1404 298 commentarium
1430 242 1571 310 Omciclc.

480 428 524 492 19
538 427 709 494 torruerit
724 431 823 494 1912.
839 465 883 474 —
896 423 1104 495 cathedrali
1128 424 1304 495 ecclesiae
1316 423 1619 495 Ricbmondiensi
1635 425 1770 494 Rmum
1785 423 1871 492 Dio-

270 557 274 564 ·
377 546 525 633 nysium
550 546 761 634 O'Connell,
783 549 963 619 hactenus
986 547 1212 636 Episcopum
1241 547 1400 620 titularis
1429 547 1603 619 ecclesiae
1628 547 1872 618 Sebastensis.

479 712 523 721 -
541 672 750 742 Cathedrali
764 672 937 743 ecclesiae
954 672 1208 759 Gheyennensi
1222 693 1294 744 sac.
1309 673 1499 742 Patritium
1517 671 1697 742 Aloisium
1713 672 1793 742 Mac
1805 671 1873 742 Go

377 817 477 882 vern,
493 796 672 868 dioecesis
690 797 921 880 Omaheusin,
938 797 1062 887 ibique
1077 802 1254 868 rectorem
1275 798 1449 868 ecclesiae
1472 795 1701 868 cathedralis.

480 961 524 970 —
556 921 766 992 Catbedrali
804 921 978 992 ecclesiae
1019 921 1306 1011 Guayaquilensi
1340 923 1475 993 Rrbum
1511 922 1687 992 ioannem
1721 920 1872 991 Mariam

301 1081 303 1086 ·
380 1048 499 1131 Biora,
516 1048 697 1118 hactenus
719 1047 942 1137 Episcopum
965 1048 1098 1118 Portus
1110 1049 1262 1132 Veteris,
1286 1054 1395 1137 atque
1420 1069 1503 1119 oum
1526 1047 1669 1118 indulto
1692 1046 1872 1140 retinendi

380 1171 735 1241 administrationem
759 1170 925 1241 eiusdem
953 1171 1132 1242 dioecesis
1156 1173 1288 1241 Portus
1312 1171 1453 1242 Veteris
1475 1173 1523 1242 ad
1548 1170 1584 1241 S.
1601 1170 1707 1242 Sedis
1731 1176 1872 1240 nutum.

480 1302 525 1364 20
547 1299 719 1365 ianuarii
742 1301 840 1365 1912.
865 1337 907 1346 -
931 1294 1085 1365 'litulari
1120 1295 1294 1367 ecclesiae
1329 1295 1527 1385 episcopali
1563 1295 1775 1366 Sebastensi
1798 1315 1871 1365 sac.

376 1421 589 1509 Adulphum
606 1420 734 1504 David,
751 1420 931 1491 dioecesis
954 1420 1088 1490 Montis
1102 1420 1306 1505 Pessulani‚
1322 1420 1445 1510 ibique
1461 1419 1638 1491 vicarium
1653 1419 1873 1510 generalem,

375 1568 485 1636 quem
510 1544 701 1616 constituit
720 1545 945 1624 Auxiliarem
962 1545 1044 1616 Emi
1060 1567 1104 1616 ac
1119 1545 1204 1615 Rrbi
1220 1545 1292 1615 Diti
1309 1545 1516 1616 Cardinalis
1535 1545 1721 1616 Francisci
1736 1544 1872 1614 Mariae

376 1672 537 1742 Anatolii
561 1673 605 1742 de
630 1671 785 1743 Roverie
809 1672 854 1742 de
879 1671 1080 1756 CabriereS,
1104 1671 1276 1761 Episcopi
1301 1659 1435 1742 Montis
1459 1671 1663 1742 Pessulani‚

477 1803 524 1867 23
545 1801 717 1866 toccum
740 1802 838 1867 1912.
862 1838 907 1848 -
931 1796 1141 1868 cathedrali
1165 1797 1340 1868 ecclesiae
1364 1797 1664 1886 Pastopolitanae
1687 1817 1760 1867 sao.
1785 1795 1875 1866 Leo-

376 1921 502 1991 nidam
527 1920 683 2006 Medina,
716 1921 932 1992 canonicum
966 1920 1141 1992 ecclesiae
1172 1921 1475 2009 metropolitanae
1500 1919 1720 2010 Bogotensis
1742 1920 1780 1988 iu
1805 1919 1876 1990 Co-

375 2045 525 2115 lumbia.

752 2490 1491 2622 secuncundum
1548 2563 1570 2570 ..
1679 2555 1682 2564 ,

373 2978 515 3030 oncrum
539 2978 643 3028 cruci
675 2979 1037 3028 mrunmcrsrrousu
1068 2980 1196 3030 nonum
1227 2979 1325 3041 Quin
1357 2979 1457 3030 uoru
1488 2979 1646 3030 racemo
1679 2960 1872 3031 «surunrir

478 3101 704 3151 urscrruruis
722 3111 739 3145 »
765 3103 811 3152 nu
836 3103 967 3153 brucus
999 3103 1132 3169 rnsrrs,
1155 3104 1216 3153 nm
1244 3105 1271 3152 11
1298 3104 1388 3153 rurur
1415 3103 1512 3154 iuro
1541 3085 1624 3153 1911
1650 3105 1769 3170 nnuc,
1794 3105 1873 3155 sra-

477 3226 573 3276 0001
597 3225 697 3276 surr.

479 3385 514 3456 S.
542 3385 823 3475 congregationi
842 3385 994 3456 Concilii
1018 3407 1041 3455 a
1064 3385 1252 3456 nonnullis
1277 3386 1477 3475 Hispaniae
1502 3387 1693 3476 Episcopis
1716 3387 1869 3457 dubium

374 3512 474 3600 quod
498 3510 664 3601 sequitur
688 3509 919 3600 propositum
937 3517 1008 3581 est:
1027 3540 1045 3576 «
1064 3511 1186 3598 Quum
1203 3512 1273 3582 boc
1290 3533 1387 3582 auno
1403 3511 1609 3583 verificetur
1632 3513 1733 3601 quod
1748 3513 1872 3602 vigilia

375 3637 622 3708 «Natiuitatis
645 3637 687 3706 D.
713 3638 755 3706 N.
780 3638 806 3706 I.
833 3638 871 3722 C,
896 3636 1081 3708 coincidet
1112 3659 1195 3708 cum
1219 3637 1427 3723 Dominica,
1452 3659 1547 3727 quae
1577 3659 1722 3726 semper
1745 3645 1871 3709 manet

375 3761 562 3832 «exclusa
586 3782 608 3831 a
641 3761 720 3851 lege
753 3760 879 3831 ieiunii
911 3767 947 3832 et
975 3761 1237 3846 abstinentiae,
1265 3762 1434 3832 nonnulli
1458 3761 1665 3833 Moralistae
1699 3763 1872 3851 interpre

375 3892 536 3957 «tantur
567 3886 828 3975 dispositiones
860 3889 981 3957 Motus
1006 3886 1148 3976 Proprii
1165 3893 1185 3924 “
1202 3887 1255 3956 De
1283 3887 1415 3957 diebus
1438 3887 1541 3957 lestis
1557 3887 1588 3973 ‘',
1604 3886 1804 3959 retinentes
1834 3894 1871 3959 et

375 4011 643 4101 «publicantes
666 4012 704 4080 in
728 4010 1046 4099 ephemeridibuS,
1070 4011 1171 4099 quod
1201 4011 1327 4082 (11013
1358 4011 1591 4096 Decembris,
1623 4010 1761 4082 seilicet
1787 4013 1872 4083 sab·

376 4103 651 4227 «⁵batoJuigeat
667 4135 841 4226 obligatio
864 4136 1041 4224 simplicis
1064 4136 1191 4206 ieiunii
1207 4137 1349 4207 ratione
1365 4136 1540 4225 temporis
1556 4135 1650 4206 sacri
1667 4137 1869 4222 Adventus

374 4290 393 4326 ‹
411 4283 487 4332 non
509 4283 597 4331 vero
621 4260 796 4350 obligatio
820 4261 1064 4332 abstinentiae
1089 4282 1111 4330 a
1133 4262 1305 4332 carnibus
1328 4261 1382 4332 uti
1406 4261 1485 4332 lieri
1519 4261 1663 4331 solebat
1684 4260 1723 4331 in
1746 4261 1870 4350 vigilia

376 4415 394 4451 «
410 4392 475 4457 aut
491 4385 692 4475 antivigilia
707 4385 872 4456 eiusdem
890 4385 1100 4456 Nativitatis
1115 4386 1272 4456 Domini.
1291 4385 1488 4472 Quaeritur
1503 4386 1626 4475 itaque
1643 4392 1685 4456 ut
1700 4385 1870 4474 explicite

373 4511 615 4581 «declaretur
638 4531 685 4580 au
709 4510 897 4598 praedicta
919 4509 1169 4599 interpretatio
1194 4510 1367 4581 sustineri
1392 4511 1555 4599 possit».

478 4635 513 4704 S.
538 4634 576 4705 C.
602 4633 755 4705 Concilii
780 4635 1085 4722 respondendum
1111 4635 1270 4705 censuit:
1294 4637 1470 4722 Nepotice.
1552 4637 1559 4650 '

477 4760 611 4829 Datum
636 4760 776 4828 Romae
800 4780 844 4828 ex
870 4759 1073 4828 Secretaria
1098 4759 1133 4829 S,
1160 4758 1197 4828 C.
1224 4758 1388 4843 Consilii,
1412 4759 1470 4829 die
1496 4761 1537 4828 15
1560 4759 1644 4829 Dec.
1672 4761 1766 4828 1911.

810 4953 847 5024 C.
875 4954 986 5024 Cnun.
1013 4954 1428 5042 Gnuuin1‚Praefeotcs.

479 5043 642 5132 uffls.

1405 5131 1447 5202 Ο.
1473 5131 1607 5220 Giorgi,
1630 5135 1871 5206 Seorctcrius.
