4120 6284
392 479 428 536 78
703 485 780 538 Actu
798 484 988 552 Apostoltoae
1007 485 1103 540 Sedis.
1125 511 1142 522 ..
1164 485 1423 539 (Icmmsuturtum
1444 484 1585 548 officiale.

498 666 541 736 In
558 667 686 739 Officio
710 690 824 758 parvo
841 670 882 738 B.
899 669 944 740 M.
960 668 1002 739 V.
1018 672 1204 738 omittatur
1221 674 1349 755 prtmo
1362 671 1532 739 Robrica.
1550 707 1567 720 -
1585 669 1641 737 Ad
1652 671 1797 738 Laudes
1806 672 1887 753 post

387 778 551 948 {rm
573 777 817 862 Antiphonem
845 780 1007 846 dtaotur:
1038 776 1096 846 Ps.
1129 778 1304 845 Dominus
1334 781 1509 863 rapuoott,
1541 796 1622 846 cum
1659 774 1807 864 reliquis
1841 774 1888 844 de

428 901 594 951 omlmca

498 1092 541 1162 In
555 1092 682 1164 Officio
706 1094 961 1165 defunctorum
985 1098 1171 1165 omittatur
1191 1097 1316 1180 prima
1332 1096 1499 1164 Rubrtco.
1516 1095 1573 1162 Ad
1594 1095 1740 1162 Laudes
1762 1096 1890 1162 tertius

395 1201 565 1269 Psatmus
599 1201 700 1271 Deus
728 1202 829 1271 Deus
860 1223 987 1289 meus,
1004 1205 1150 1288 psalmo
1184 1202 1285 1271 Deus
1317 1201 1534 1272 misereatur
1566 1203 1891 1284 amnesamnes

395 1307 565 1376 Psatmuc
594 1308 757 1378 Laudate
781 1308 981 1379 Dominum
1006 1307 1044 1378 in
1069 1308 1214 1379 Sanctis
1238 1309 1318 1399 ejus
1342 1313 1421 1395 etc,
1444 1311 1532 1376 otiis
1562 1309 1699 1377 duobus
1725 1309 1877 1377 mutans.

500 1501 540 1569 In
564 1501 722 1572 Psalmis
746 1503 994 1574 Gradualibus
1016 1507 1271 1591 supprtmatur
1288 1507 1416 1589 pruma
1439 1505 1606 1572 Rubrtoa.

392 1803 471 1870 Raab
498 1695 541 1764 In
576 1696 724 1784 Septem
756 1698 913 1768 Psalmis
944 1697 1275 1769 Paenitentialibus
1312 1701 1596 1785 supprimantur
1624 1701 1719 1766 duce
1744 1700 1893 1783 primae

472 1825 581 1875 noce.

500 2014 629 2086 Officia
651 2017 784 2088 Votiva
806 2041 871 2108 per
894 2041 1032 2088 anuum
1055 2024 1337 2106 supprimantur
1358 2025 1513 2090 manino.

973 2285 1034 2368 IN
1058 2285 1302 2370 MISSALI.

915 2468 959 2534 lu
994 2469 1176 2552 Principio
1206 2469 1369 2535 IIIssults.

499 2658 582 2726 Post
604 2659 739 2726 Rullus
761 2660 823 2728 Pu·
853 2661 888 2744 V,
915 2662 1102 2729 GlerncutIs
1136 2663 1217 2729 VIII
1238 2665 1269 2728 et
1298 2664 1434 2730 Urbani
1462 2663 1553 2730 VIII
1569 2665 1754 2732 Inseratur
1773 2664 1892 2729 Butto

394 2742 528 2814 Divino
552 2745 677 2816 afflatu
701 2749 809 2817 SSrtu'
830 2749 873 2817 D.
897 2750 939 2816 N.
963 2752 1026 2818 Pu·
1047 2751 1171 2835 Papae
1193 2752 1238 2818 X.

918 2985 1172 3052 Kalendarium
1195 2987 1359 3054 IIIssuIIs.

498 3176 599 3244 Idem
621 3179 669 3244 ut
691 3197 735 3246 oc
755 3177 1025 3246 suburanam
1040 3180 1237 3262 Breviarr't,
1254 3180 1392 3246 additis
1415 3182 1457 3246 iu
1478 3181 1636 3264 etnputis
1659 3181 1773 3248 Facite
1794 3182 1890 3248 ritus

395 3285 551 3367 duptr'ois
577 3283 624 3350 II
649 3286 786 3369 omaus,
823 3289 960 3372 quoties
987 3289 1140 3355 occurrat
1170 3307 1289 3354 comm.
1316 3289 1502 3373 etmpttcis,
1532 3288 1664 3356 uerbis:
1697 3286 1736 3354 in
1765 3285 1889 3356 missis

394 3386 546 3475 privatis
574 3393 729 3458 tantum.

497 3498 580 3565 Post
603 3499 781 3566 Rubrr'ooa
806 3500 994 3567 Generales
1020 3502 1233 3568 inserantur
1257 3499 1321 3568 uu.
1347 3501 1400 3583 X,
1424 3500 1504 3567 XII.
1525 3503 1557 3567 et
1579 3501 1681 3568 XIII
1704 3503 1891 3569 Novarum

392 3604 644 3673 annuarum.

808 3824 853 3890 ln
876 3827 1022 3909 proprio
1046 3826 1088 3892 de
1111 3825 1284 3910 Tempore
1306 3826 1471 3894 IIIssaIIs.

859 4031 900 4100 Iu
923 4033 1046 4102 Fusro
1070 4033 1126 4103 Ss.
1151 4032 1411 4103 Innocuunuu.

497 4229 579 4297 Post
601 4228 757 4295 Missam
773 4229 937 4312 ponatur
957 4247 1106 4313 aequone
1128 4227 1305 4302 Rubricu:

497 4335 536 4404 Si
560 4334 712 4403 Festum
739 4332 949 4402 Natiuitatis
978 4332 1138 4420 Domini,
1171 4334 1207 4404 S.
1237 4332 1426 4421 Stephani,
1454 4332 1479 4403 S
1504 4333 1657 4402 Ioannis
1688 4334 1825 4422 Frang.
1849 4339 1888 4404 et

394 4445 449 4514 Ss.
474 4441 730 4512 Innocentium
754 4441 895 4511 venerit
918 4440 956 4509 in
980 4441 1196 4528 Dominica,
1220 4441 1302 4530 ipsa
1326 4441 1385 4511 die
1409 4441 1501 4510 nihil
1529 4441 1570 4510 fit
1594 4441 1639 4511 de
1670 4440 1886 4526 Dominae,

393 4551 458 4621 sed
482 4549 541 4619 die
565 4546 733 4636 proxima
756 4552 841 4635 post
864 4546 1013 4618 Festum
1032 4547 1067 4617 S.
1092 4547 1256 4617 Thamee
1281 4548 1384 4617 Mart.
1405 4547 1539 4618 dicitur
1562 4547 1674 4617 Missa
1697 4547 1742 4616 de
1765 4545 1889 4616 Domi·

391 4656 476 4726 nica
497 4659 539 4724 ut
561 4653 667 4722 infra.

497 4761 535 4831 Si
559 4760 710 4828 Festum
734 4758 770 4828 S.
795 4758 959 4828 Thomae
982 4759 1123 4829 venerit
1146 4759 1184 4828 in
1207 4759 1412 4845 Dominica,
1429 4759 1541 4829 Missa
1557 4759 1689 4829 dicitur
1704 4757 1749 4827 de
1765 4757 1890 4827 Domi-

390 4869 476 4940 nica
499 4889 582 4938 cum
607 4865 953 4936 commemoratione
978 4865 1013 4936 S.
1031 4866 1194 4936 Thomas
1218 4870 1255 4937 et
1278 4871 1437 4954 quatuor
1462 4866 1693 4935 Octavarum.
1712 4864 1888 4935 Similiter

392 4977 422 5046 si
447 4976 598 5045 Festum
615 4973 650 5043 S.
676 4972 839 5043 Silvestri
864 4972 902 5040 in
917 4971 1111 5043 Dominica
1134 4973 1342 5058 occurrerit,
1356 4973 1467 5042 Missa
1483 4973 1615 5042 dicitur
1631 4972 1676 5041 de
1693 4970 1889 5040 Dominica

392 5103 475 5153 cum
510 5078 857 5150 commemoratione
894 5077 929 5148 S.
963 5078 1127 5149 Silvestri
1163 5084 1200 5148 et
1229 5084 1389 5169 quatuor
1424 5079 1656 5149 octavarum.
1692 5077 1759 5146 Die
1797 5098 1887 5147 vero

391 5191 436 5258 30
459 5187 683 5273 Decembris,
711 5186 742 5255 si
770 5185 967 5256 occurrerit
991 5187 1029 5255 in
1053 5187 1159 5256 Feria
1183 5186 1227 5256 II.
1259 5187 1317 5255 vel
1349 5187 1385 5254 in
1416 5187 1590 5272 Sabbata,
1614 5185 1746 5256 dicitur
1774 5183 1889 5254 Missa

392 5298 437 5366 de
462 5295 520 5364 dic
537 5293 632 5363 infra
657 5293 834 5363 Octavam
853 5292 1073 5377 NativitatIS,
1089 5298 1131 5361 ut
1146 5293 1251 5379 infra,
1267 5313 1348 5363 cum
1367 5292 1713 5362 commemoratione
1730 5290 1888 5361 aliarum

393 5403 626 5473 Octavarum.
