4038 6274
381 409 433 467 11a
688 411 765 465 Actu
784 409 975 478 Apostolicac
993 407 1089 464 Sede.
1110 438 1127 448 -
1148 407 1402 463 commotarum
1422 408 1564 474 officiale.

384 625 401 658 «
418 596 605 685 pertinet?
628 595 674 665 m
689 594 877 684 quomodo
894 599 1017 682 potest
1032 592 1203 682 componi
1220 614 1303 664 cum
1322 614 1405 663 mea
1420 592 1597 682 dignitate
1612 596 1655 660 ut
1670 612 1692 661 a
1707 589 1881 660 iratribus

384 750 402 785 ‹
420 726 456 791 et
479 720 646 810 cognatis
662 719 801 791 iudicer
825 718 863 789 in
887 740 1001 790 causa
1017 718 1056 788 in
1071 739 1146 807 qua
1161 739 1228 808 ego
1245 719 1324 807 ipsc
1341 717 1529 788 silentium
1553 715 1777 786 servandum
1793 720 1882 803 puto

384 849 458 916 «et
481 866 545 916 000
570 851 611 915 31
633 850 746 915 100100
768 865 837 916 300
861 843 1080 914 nominavit
1113 842 1231 913 Simul
1262 843 1472 932 praedicere
1499 862 1663 930 possum,
1688 838 1718 909 si
1742 839 1884 909 indiffe-

385 971 576 1041 «rentiam
600 991 720 1040 meam
744 969 960 1058 relinquam,
984 967 1057 1038 illis
1080 969 1235 1040 inferam
1260 969 1437 1038 damnum
1469 966 1533 1056 qui
1561 964 1783 1035 solutionem
1808 983 1884 1032 ma-

386 1126 403 1161 «
421 1096 583 1167 trimonii
607 1096 772 1185 quolibet
806 1095 917 1165 modo
953 1095 1130 1183 impedire
1156 1094 1330 1165 volunt».
1359 1092 1466 1163 Unde
1493 1096 1604 1181 patet,
1628 1112 1704 1160 non
1726 1090 1820 1160 valle
1844 1110 1884 1160 se

385 1242 571 1310 opponere
595 1218 772 1291 solutioni
798 1218 1032 1305 matrimonii,
1056 1220 1167 1288 immo
1191 1219 1288 1288 hanc
1312 1214 1529 1289 desiderare.
1548 1216 1621 1287 Sed
1637 1215 1747 1305 igitur
1770 1234 1884 1304 quare

384 1367 460 1415 non
483 1350 641 1415 testatur
664 1345 709 1414 de
732 1343 839 1415 factis
854 1364 950 1433 quae
973 1344 1022 1413 ab
1043 1343 1125 1413 aliis
1147 1344 1306 1414 testibus
1330 1343 1575 1413 asseruntur?
1590 1339 1797 1429 Responsio
1821 1339 1886 1407 ha-

385 1470 493 1539 betur
516 1470 554 1538 in
578 1468 788 1558 praecitatis
810 1467 934 1538 verbis
957 1467 1092 1556 quibus
1116 1489 1192 1537 non
1214 1468 1294 1538 vult
1317 1473 1358 1537 ut
1381 1467 1438 1538 sui
1461 1465 1609 1556 cognati
1636 1465 1824 1553 deponant
1847 1461 1885 1532 in

385 1595 456 1666 hac
479 1616 614 1666 caussa
636 1615 732 1683 quae
755 1600 850 1665 certe
874 1593 945 1663 sibi
969 1615 1045 1664 non
1072 1594 1257 1665 redundat
1285 1593 1323 1664 in
1355 1594 1502 1664 laudem
1531 1597 1569 1663 et
1594 1591 1760 1682 gloriam.
1792 1591 1884 1659 Nam

385 1720 485 1807 quod
508 1719 564 1789 vir
587 1725 739 1809 cogatur
763 1739 926 1789 asserere
950 1718 988 1788 in
1012 1719 1159 1805 iudicio,
1181 1741 1221 1790 se
1244 1739 1397 1790 uxorem
1423 1717 1573 1789 duxisse
1599 1723 1698 1788 metu
1722 1714 1887 1803 compul-

386 1865 478 1928 sam,
502 1864 613 1932 quam
638 1864 783 1932 semper
806 1844 938 1914 habuit
961 1865 984 1913 3
1006 1863 1046 1914 00
1070 1843 1239 1928 alienam,
1263 1849 1300 1913 et
1323 1843 1432 1913 modo
1457 1842 1691 1913 coniunctam
1714 1839 1820 1924 civili,
1843 1843 1887 1909 ut

386 1973 530 2053 vocant,
554 1967 700 2038 foedere
724 1989 793 2038 suo
818 1967 1040 2038 consobrino
1065 1967 1239 2036 Bartelau
1260 1967 1469 2054 szeahenyi,
1485 1972 1542 2037 est
1556 1988 1615 2036 res
1631 1985 1759 2036 amara
1774 1961 1886 2032 nimis

386 2097 423 2162 et
446 2092 549 2176 dura,
573 2091 769 2181 praecipue
791 2092 870 2161 viro
895 2092 960 2181 qui
982 2091 1098 2162 nobili
1121 2112 1253 2180 genere
1279 2091 1466 2182 gloriatur.
1499 2090 1719 2162 Praesertim
1743 2087 1830 2179 quia
1854 2089 1886 2157 si

387 2237 548 2305 sponsus
572 2216 725 2306 eiusque
749 2216 1018 2306 consanguinei
1040 2217 1294 2288 testimonium
1325 2217 1576 2306 protulissent,
1603 2216 1709 2285 inviti
1736 2213 1885 2304 quidem

387 2341 453 2412 sed
476 2340 685 2411 necessario
702 2341 747 2410 de
764 2341 978 2412 crudelitate
1003 2341 1129 2430 sponsi
1146 2362 1233 2431 erga
1249 2342 1438 2412 mulierem
1458 2342 1643 2430 deponere
1659 2339 1885 2410 debuissent.

387 2466 440 2536 Eo
465 2465 582 2555 magis
605 2487 718 2554 quum
745 2465 814 2535 sibi
838 2466 964 2554 plures
981 2467 1222 2536 adversentur
1238 2472 1352 2536 testes
1372 2467 1600 2555 deponentes
1615 2465 1662 2534 de
1677 2464 1757 2534 eius
1772 2461 1888 2532 saevi-

286 2610 290 2620 ·
387 2590 447 2659 tiis
472 2591 509 2659 13
533 2610 696 2660 uxorem.

492 2712 600 2798 Quod
624 2712 655 2783 si
679 2712 881 2783 domestica
904 2714 1001 2784 iacta
1030 2715 1067 2783 in
1091 2734 1267 2802 processu
1290 2719 1432 2784 asserta
1455 2734 1539 2784 cum
1564 2713 1714 2783 veritate
1737 2710 1889 2782 minime

387 2842 641 2927 congruerent,
665 2837 756 2908 haec
780 2857 860 2906 cum
888 2837 970 2923 sibi,
983 2859 1072 2908 suae
1096 2838 1267 2924 familiae,
1284 2859 1352 2908 suo
1368 2838 1492 2928 generi
1515 2845 1592 2908 tam
1609 2837 1683 2908 sint
1698 2837 1886 2920 iniuriosa,

388 2961 548 3033 maximo
573 2961 686 3030 animi
711 2962 841 3032 ardore
866 2961 994 3032 eadem
1019 2963 1179 3032 refutare
1203 2962 1241 3033 in
1264 2961 1399 3033 iudicio
1417 2963 1600 3034 Aladarus
1627 2961 1888 3046 contendisset,

387 3086 441 3156 uti
465 3085 676 3155 omnimode
699 3086 1010 3172 praesumendum
1027 3092 1092 3156 cst.
1118 3085 1223 3158 Unde
1241 3086 1420 3158 coniicere
1436 3088 1551 3178 liquet
1566 3088 1668 3159 nullo
1684 3086 1790 3157 inniti
1806 3086 1888 3156 iun-

388 3212 561 3281 damento
589 3210 830 3281 assertionem
856 3211 1035 3282 Dominae
1060 3213 1207 3283 Pereira
1230 3235 1326 3302 quae
1351 3215 1467 3285 totius
1497 3213 1643 3305 negotiil
1667 3213 1794 3303 ignara
1817 3213 1887 3302 (uti

345 3385 348 3392 -
388 3336 470 3424 ipsa
491 3340 626 3406 testata
649 3338 719 3425 est)
742 3340 867 3406 tamen
891 3357 936 3406 cx
959 3336 1089 3406 auditu
1112 3339 1241 3408 refert:
1268 3368 1286 3403 ‹
1305 3339 1363 3409 Ho
1381 3340 1514 3410 sentito
1532 3340 1599 3410 che
1616 3359 1718 3410 corre
1738 3338 1774 3408 la
1794 3358 1887 3408 voca

389 3489 406 3524 «
424 3460 479 3530 ch'
497 3459 567 3550 egli
591 3460 749 3530 avrebbe
773 3462 865 3530 satta
883 3462 920 3530 la
939 3482 1131 3550 promessa
1155 3483 1177 3531 a
1204 3484 1273 3533 suo
1304 3465 1437 3554 cugino
1467 3464 1639 3534 Bartelau
1664 3462 1888 3548 Szdchenyi,

390 3614 409 3649 «
425 3585 462 3655 di
485 3607 561 3655 non
584 3585 733 3674 opporsi
751 3606 816 3674 per
831 3585 954 3655 niente
978 3585 1013 3655 31
1039 3586 1201 3657 divorzio
1220 3616 1251 3657 ».
1275 3588 1411 3658 Verum
1435 3588 1648 3659 huiusmodi
1665 3587 1887 3671 coniectura,

389 3710 480 3780 haec
496 3715 733 3798 praesumpta
749 3710 954 3794 conventio,
978 3732 998 3781 e
1022 3710 1201 3782 diametro
1226 3719 1366 3803 pugnat
1381 3734 1464 3784 cum
1482 3713 1653 3784 sensibus
1670 3719 1765 3803 'quos
1781 3712 1888 3802 signi·

390 3835 475 3904 11031
499 3838 535 3904 01
558 3834 630 3904 3110
654 3834 857 3923 proclamat
880 3834 1062 3906 Aladarus
1086 3837 1123 3906 in
1147 3837 1269 3908 citatis
1291 3838 1432 3908 litteris.

494 3958 603 4029 Hisce
627 3960 852 4048 praenotatis
876 3960 999 4049 quoad
1016 3962 1113 4032 iacta
1136 3968 1172 4032 et
1195 3964 1269 4033 litis
1289 3964 1488 4054 praecipua
1511 3963 1695 4049 adiuncta,
1712 3964 1759 4034 ad
1774 3967 1836 4033 ius
1852 3968 1888 4033 ct

390 4089 556 4153 muitum
578 4084 678 4172 quod
702 4083 843 4169 attinet,
868 4085 996 4156 Patres
1020 4086 1057 4155 13
1082 4088 1209 4176 primis
1225 4089 1507 4161 considerarunt
1529 4091 1630 4180 quod
1643 4089 1888 4172 matrimonia,

390 4229 473 4278 cum
497 4212 684 4296 nequeant
715 4207 915 4279 consistere
946 4210 1025 4281 sine
1049 4232 1233 4283 consensu
1258 4217 1299 4302 (c.
1324 4219 1574 4304 5,(10119033
1601 4219 1622 4286 l.
1645 4221 1700 4300 30,
1725 4218 1768 4282 de
1791 4215 1833 4282 R.
1858 4215 1886 4298 I,

393 4335 580 4419 0.14,de
608 4355 728 4419 epona.
759 4337 791 4401 et
820 4337 994 4423 matrim.)
1019 4336 1129 4424 plena
1159 4338 1326 4410 libertate
1350 4346 1386 4410 et
1410 4341 1605 4411 securitate
1635 4339 1796 4430 gaudere
1827 4339 1889 4409 de-

390 4458 499 4541 bent3
524 4457 616 4526 adeo
640 4461 691 4541 ut,
716 4454 819 4526 iuxta
843 4457 975 4528 Sacros
1000 4459 1181 4546 Canones,
1209 4464 1381 4554 coniugia
1404 4463 1496 4534 inita
1518 4486 1583 4553 per
1606 4464 1680 4534 vim
1696 4469 1733 4533 et
1749 4467 1886 4532 metum

391 4580 455 4669 qui
484 4581 605 4670 gravis
629 4580 687 4665 sit,
711 4586 882 4652 extamus
906 4587 943 4652 et
965 4604 987 4652 a
1010 4583 1125 4654 libe'ra
1159 4607 1292 4658 caussa
1322 4588 1493 4660 incussus
1522 4589 1657 4659 iniuste
1688 4588 1736 4657 ad
1770 4592 1890 4657 extor-

391 4705 579 4794 quendum
603 4725 825 4775 consensum
848 4706 885 4776 13
910 4711 1207 4796 matrimonium,
1231 4713 1333 4782 irrita
1356 4712 1431 4783 sint
1453 4735 1498 4784 ex
1521 4735 1599 4798 cup.
1624 4720 1677 4798 14,
1702 4720 1755 4797 15,
1780 4715 1833 4781 111.
1857 4713 1886 4796 Ι,

392 4833 450 4898 tib.
473 4832 534 4899 IV.
559 4833 690 4899 Deerat.
717 4830 820 4915 Quae
844 4835 1021 4904 canonica
1052 4835 1245 4925 dispositio
1271 4838 1400 4908 merito
1424 4845 1576 4908 extensa
1598 4843 1655 4909 est
1678 4838 1726 4908 ad
1749 4843 1889 4907 metum

391 4953 502 5022 etiam
525 4952 815 5040 reverentialem,
830 4953 860 5024 01
877 4955 995 5026 eidem
1012 4958 1152 5046 aliquid
1168 4960 1269 5030 aliud
1285 4961 1443 5048 accedat,
1461 4983 1516 5034 ex.
1533 4983 1596 5052 gr,
1613 4983 1739 5050 preces
1753 4961 1890 5050 impor-

390 5083 522 5161 tunae,
546 5077 679 5167 iurgia,
703 5077 917 5148 vexationes
941 5085 977 5150 et
1004 5081 1148 5152 similia.
1175 5085 1379 5174 (D’Annib,
1403 5091 1425 5156 t.
1449 5088 1582 5173 Lpup.
1608 5091 1683 5172 133,
1707 5089 1789 5156 edit.
1814 5089 1889 5170 HI;

393 5201 544 5289 Gaspar.
568 5204 611 5269 de
633 5203 790 5269 matrim.
807 5205 828 5270 1.
845 5204 893 5286 ΙΙ,
903 5226 988 5291 pap.
1004 5212 1058 5290 54,
1075 5210 1155 5276 edit.
1173 5209 1254 5296 Ill).
1280 5208 1360 5279 Hoc
1383 5209 1492 5280 etiam
1518 5211 1665 5299 saepius
1689 5210 1889 5281 declaravit

393 5325 428 5394 S.
447 5324 485 5395 C.
503 5323 654 5394 Concilii
678 5328 715 5392 et
737 5322 796 5393 hio
820 5346 924 5396 sacer
941 5327 1052 5414 Ordo,
1068 5329 1122 5399 uti
1139 5332 1177 5399 in
1194 5333 1373 5402 Pariaiea.
1389 5339 1435 5404 26
1449 5336 1534 5419 febr.
1553 5340 1641 5403 1910
1657 5339 1694 5404 et
1710 5335 1747 5404 13
1764 5355 1889 5404 30003-

392 5449 535 5520 tissima
556 5453 665 5518 ctiam
687 5449 865 5520 Poriaien.
890 5473 917 5520 c.
934 5456 1059 5540 Many,
1084 5461 1129 5525 13
1151 5461 1257 5527 morl.
1283 5463 1381 5527 1911.
