4038 6274
698 455 730 514 S.
750 457 894 513 &morta
911 457 997 514 Rota.
1547 458 1598 515 147

202 639 384 730 Deinceps
408 642 515 712 Anna
530 641 601 711 elii
615 641 694 744 viro
717 642 886 714 adhaesit
909 664 992 714 cum
1016 665 1098 734 quo·
1114 644 1229 716 civilis
1252 644 1426 716 consortii
1450 644 1598 715 vinculo

20 851 21 880 χ
122 787 151 836 se
170 764 378 850 adstrinxit,
403 772 439 837 et
462 787 545 837 cum
569 766 708 838 nullam
744 767 881 838 habere
905 774 1031 858 posset
1054 791 1157 859 spem
1182 769 1321 840 Paulus
1344 769 1439 840 Boni
1462 769 1509 840 de
1532 769 1599 839 Ca·

121 889 252 960 stellans
269 890 501 980 coniugalem
518 891 631 962 vitam
648 912 732 963 cum
749 891 857 962 Anna
874 893 1116 980 instaurandi,
1131 893 1323 965 historiam
1346 893 1459 964 huius
1481 895 1599 965 inian-

20 1017 21 1072 ῑ
122 1015 156 1084 sti
174 1013 396 1086 matrimonii
429 1022 600 1105 repetens
622 1037 647 1086 a
669 1039 738 1088 sua
760 1017 911 1108 origine,
938 1024 1038 1090 ratus
1071 1024 1129 1090 est
1162 1019 1262 1089 istud
1295 1017 1474 1089 nullitatis
1508 1018 1598 1089 vitio

121 1139 265 1210 laborare
288 1141 338 1210 ob
362 1141 544 1212 deiectum
561 1162 767 1213 consensus
790 1148 955 1232 exparte
979 1165 1069 1216 suae
1091 1165 1262 1234 sponsae,
1281 1165 1377 1234 quae
1401 1149 1437 1214 et
1460 1149 1547 1214 ante
1562 1149 1598 1214 et

120 1269 185 1352 post
216 1265 328 1336 initas
351 1266 500 1355 nuptias
524 1270 726 1356 protestata
749 1273 806 1338 est
829 1269 1021 1358 coniugale
1044 1269 1231 1340 vinculum
1256 1268 1325 1338 sibi
1360 1267 1511 1339 minime
1534 1269 1598 1338 ob

20 1421 21 1434 ¹
120 1395 283 1460 staturum
319 1391 540 1479 quominus,
563 1412 631 1480 pro
654 1412 724 1462 suo
747 1393 917 1478 arbitrio,
941 1393 1023 1483 ipsa
1053 1393 1256 1464 discederet
1278 1414 1301 1462 a
1324 1391 1509 1462 consortio
1540 1393 1597 1463 sui

121 1513 172 1584 riri
192 1514 427 1602 potissimum
450 1517 490 1586 ob
512 1520 592 1586 dits
613 1520 897 1604 fonticotionem,
921 1517 952 1588 si
976 1518 1067 1590 haec
1090 1519 1183 1589 forte
1206 1517 1394 1589 accideret

200 1639 394 1710 Eiusmodi
429 1640 610 1711 actionem
643 1641 822 1712 nullitatis
857 1641 1075 1713 instauravit
1102 1642 1235 1714 Comes
1266 1641 1361 1713 Boni
1392 1642 1438 1712 de
1461 1641 1598 1712 Castel-

120 1763 184 1834 lane
215 1764 318 1852 apud
342 1764 605 1836 Beatissimum
628 1766 795 1851 Patrem,
817 1767 866 1836 ab
888 1767 943 1838 Eo
967 1772 1142 1857 expetens
1164 1773 1207 1838 ut
1229 1787 1383 1838 caussae
1406 1765 1597 1836 instructio

119 1888 389 1959 committeretur
420 1889 506 1961 huic
530 1890 566 1962 S.
592 1889 738 1975 Ordini;
761 1892 863 1980 quod
898 1891 1087 1982 indulgere
1122 1891 1295 1980 dignatus
1326 1895 1383 1961 est
1406 1889 1600 1960 Sanctissi-

118 2032 199 2082 mus:
221 2014 465 2102 quamobrem
489 2014 601 2085 hodie
625 2035 759 2086 caussa
780 2015 989 2086 definienda
1011 2015 1229 2105 proponitur
1251 2015 1321 2086 sub
1346 2021 1523 2086 consueta
1546 2034 1599 2084 ro

116 2138 207 2225 gandi
230 2139 412 2210 formula:
438 2167 456 2204 «
473 2142 531 2208 An
554 2145 684 2210 constet
706 2145 749 2211 de
770 2144 940 2211 nullitate
961 2146 1187 2212 matrimonii
1207 2145 1250 2210 io
1272 2148 1390 2211 casu?
1406 2168 1424 2204 »

198 2265 257 2332 Ad
279 2267 420 2350 saetam
442 2265 544 2353 qued
567 2265 699 2336 attinet
721 2271 921 2354 praeterea,
945 2266 1282 2338 animadverterunt
1304 2267 1381 2336 RR.
1405 2265 1503 2335 DD.:

200 2389 246 2457 1.⁰
270 2389 526 2478 quaestionem
543 2390 592 2459 ab
607 2389 740 2461 Actore
764 2391 989 2480 propositam
1006 2412 1050 2462 eo
1066 2395 1231 2481 spectare
1246 2394 1288 2461 ut
1302 2391 1437 2461 nedum
1461 2410 1598 2479 sponsa

114 2513 337 2585 convincatur
352 2515 399 2586 de
415 2514 682 2603 protestatione
705 2517 801 2587 laeta
824 2522 910 2586 ante
929 2515 1080 2605 nuptias
1098 2515 1250 2605 -ipsam
1267 2536 1399 2605 nempe
1422 2514 1598 2585 habuisse

112 2637 324 2724 propositum
351 2638 565 2709 discedendi
589 2661 611 2710 a
634 2639 725 2725 viro,
748 2639 780 2710 si
803 2639 863 2711 hic
886 2639 1067 2712 extitisset
1089 2639 1267 2724 infidelis3
1284 2675 1304 2692 ·
1321 2640 1388 2710 sed
1406 2638 1503 2710 idem
1520 2659 1599 2726 pro

114 2759 258 2846 positum
295 2762 602 2834 matrimonialem
628 2785 849 2836 eonsensum
873 2764 1051 2849 affecisse,
1074 2764 1128 2835 uti
1151 2763 1399 2834 conditionem
1430 2763 1598 2852 subque

113 2884 246 2970 nuptiae
270 2885 472 2958 inibantur.

200 3010 248 3080 2⁰
271 3032 318 3081 ex
342 3012 480 3083 tabulis
510 3013 809 3102 processualibus
841 3019 965 3084 tamen
988 3013 1147 3084 habetur
1176 3013 1275 3102 quod
1299 3015 1421 3098 Anna,
1445 3012 1597 3083 interro-

112 3136 185 3218 gata
199 3155 247 3204 an
262 3135 338 3206 tale
356 3137 583 3225 propositum
610 3137 733 3211 verbis
749 3137 1009 3228 significaverit
1028 3145 1113 3209 ante
1136 3137 1297 3227 nuptias,
1309 3136 1457 3227 negavit
1471 3157 1510 3207 se
1528 3137 1599 3206 ias·

110 3274 177 3324 sam
210 3259 328 3330 fnisse
362 3259 576 3332 huiusmodi
611 3261 848 3335 voluntatem.
873 3263 926 3332 Re
950 3283 1040 3332 sane
1063 3283 1162 3346 vera,
1186 3283 1269 3332 cum
1295 3261 1351 3332 vir
1374 3259 1595 3331 narraverit:

112 3379 353 3470 ‹Cependant
374 3390 502 3472 quatre
524 3391 630 3474 joura
659 3391 807 3456 environ
838 3391 950 3456 ovant
974 3389 1004 3456 lc
1027 3390 1199 3474 maviape,
1226 3407 1368 3456 comme
1388 3387 1425 3476 je
1453 3384 1597 3472 croyais

111 3507 233 3576 «avoir
256 3508 356 3579 droit
372 3509 417 3580 de
433 3509 485 3579 lui
510 3510 600 3581 taire
624 3511 803 3600 quelques
827 3510 1116 3582 observatione...
1133 3511 1201 3584 elle
1217 3533 1277 3582 me
1292 3510 1346 3581 dit
1360 3510 1492 3600 qu'elle
1508 3507 1597 3578 etait

111 3632 354 3703 ‹amerieaine
377 3639 616 3722 protestante,
631 3634 762 3723 qu'elle
786 3635 876 3705 otait
898 3635 1000 3720 libre,
1016 3656 1088 3724 que
1112 3657 1181 3706 son
1205 3635 1365 3724 mariage
1381 3655 1428 3704 ne
1443 3633 1597 3723 pouvait

110 3753 317 3848 ‹l'engager
351 3758 689 3846 irrevocablement,
714 3765 750 3832 et
773 3761 905 3850 qu'elle
929 3783 970 3832 se
992 3760 1170 3832 reservait
1191 3761 1226 3830 la
1249 3760 1384 3831 lacultt
1408 3760 1453 3831 de
1477 3759 1597 3829 divor-

110 3899 199 3966 «ων,
222 3883 257 3954 le
281 3905 347 3955 cas
380 3885 545 3955 echeant.
571 3886 621 3955 Le
640 3887 728 3979 j0ur
760 3888 880 3956 meme
903 3886 954 3955 du
977 3886 1148 3976 mariage,
1171 3905 1244 3956 une
1279 3885 1393 3956 heure
1417 3889 1453 3954 et
1476 3883 1595 3955 demie

109 4029 123 4064 ε
137 4007 283 4078 environ
309 4014 420 4078 avant
444 4010 479 4078 la
496 4009 711 4096 ceremonie,
728 4010 929 4096 comm'elle
953 4011 1042 4080 etait
1065 4031 1111 4081 en
1127 4011 1261 4081 larmes
1277 4015 1400 4098 etque
1417 4010 1450 4080 le
1466 4007 1595 4078 Priuce

109 4126 197 4200 «Del
213 4131 340 4222 Drago
364 4133 416 4203 ini
433 4133 647 4204 demandait
668 4135 702 4204 le
720 4133 829 4204 motii
848 4135 893 4205 de
910 4155 952 4204 sa
971 4135 1137 4220 douleur,
1153 4134 1222 4206 elle
1245 4133 1296 4204 lui
1313 4133 1366 4204 dit
1389 4153 1460 4222 que
1476 4131 1595 4222 j'ttais

109 4257 444 4344 «suppressam...
467 4259 578 4347 qu'en
601 4264 683 4330 tout
706 4279 780 4343 ωε,
793 4259 861 4330 elle
885 4281 925 4329 se
941 4260 1118 4330 reservait
1141 4258 1178 4328 la
1192 4259 1327 4329 saeuite
1351 4258 1395 4328 de
1420 4257 1596 4341 divorcer,

109 4378 163 4447 ‹si
186 4383 263 4452 cela
299 4383 391 4454 etait
425 4384 533 4470 utile;
557 4385 689 4474 qu'elle
712 4385 746 4456 le
770 4385 956 4474 chargeait
988 4385 1034 4456 de
1062 4406 1121 4457 me
1143 4385 1178 4456 le
1202 4383 1314 4458 dire...
1336 4365 1368 4454 Ᾰ
1391 4403 1479 4453 mon
1502 4383 1594 4452 frere

109 4502 255 4578 «teau...
275 4509 347 4580 elle
371 4508 413 4578 fit
435 4509 471 4578 la
494 4511 613 4579 meme
638 4509 845 4599 exposition
870 4510 914 4580 de
937 4510 1133 4599 principes,
1149 4509 1183 4580 le
1207 4509 1405 4599 chargeent
1424 4507 1525 4578 aussi
1549 4507 1594 4577 de

109 4649 188 4699 «me
210 4634 358 4722 repeter
374 4655 415 4704 ce
431 4634 563 4723 qu’elle
586 4633 711 4705 venait
726 4635 773 4705 de
789 4635 840 4705 lui
865 4635 953 4706 dire.
969 4617 1001 4706 Ᾰ
1016 4656 1103 4705 mon
1127 4635 1219 4705 frere
1236 4635 1328 4704 Jean
1348 4638 1385 4704 et
1400 4654 1449 4704 au
1465 4631 1594 4702 Prince

108 4751 197 4824 «Del
219 4757 345 4848 Drago
369 4757 507 4842 reuniS,
531 4779 603 4846 peu
627 4760 768 4848 apres...
793 4760 861 4830 elle
884 4761 1010 4849 ripeta
1032 4780 1107 4830 aux
1130 4759 1226 4829 deux
1251 4758 1376 4828 reunia
1400 4779 1440 4828 ce
1464 4757 1594 4846 qu’elle

108 4878 228 4949 «avait
243 4881 299 4952 dit
316 4883 340 4951 a
356 4880 499 4952 chacun
516 4902 562 4952 en
578 4882 788 4970 particulier
803 4909 835 4951 ».

197 5003 269 5075 Sed
294 5005 415 5092 Arma,
438 5025 461 5075 a
485 5005 604 5076 iudice
636 5007 868 5096 interrogate,
892 5006 1075 5096 reposuit:
1107 5035 1124 5069 «
1142 5007 1184 5076 le
1208 5005 1280 5076 n’ai
1311 5026 1379 5094 pas
1409 5004 1594 5093 prononoe

108 5151 122 5184 ‹
137 5123 168 5194 la
183 5127 318 5210 phrase
334 5151 406 5220 que
421 5131 497 5200 l’on
520 5130 738 5201 m'attrihue.
760 5131 801 5200 Je
817 5153 864 5201 ne
880 5151 938 5201 me
954 5131 1129 5202 souviens
1152 5133 1269 5201 meme
1293 5151 1360 5218 pas
1384 5129 1524 5199 d’avoir
1542 5127 1596 5198 dit

109 5251 288 5342 «quelque
314 5253 427 5325 chose
443 5255 489 5325 de
505 5255 717 5336 semblable,
734 5276 783 5325 ou
806 5263 919 5341 ayant
933 5255 967 5325 le
983 5259 1102 5327 meme
1118 5275 1215 5326 sens.
1240 5255 1396 5345 J'ajoute
1419 5273 1491 5342 que
1508 5273 1594 5321 mon

110 5376 215 5460 «pire
239 5379 332 5448 etait
354 5381 494 5469 oppose
512 5401 560 5450 au
577 5380 724 5452 divorce
741 5385 778 5451 et
793 5381 881 5469 qu'il
897 5379 1046 5451 m’avait
1069 5380 1191 5450 elevee
1208 5382 1302 5451 dans
1319 5401 1379 5450 ces
1403 5377 1594 5448 idios-ld...

109 5497 300 5574 ‹Pendant
325 5504 379 5574 les
401 5504 493 5575 trois
510 5505 709 5593 premieres
726 5506 863 5576 annees
879 5507 924 5576 de
941 5527 1028 5576 mon
1045 5505 1216 5594 mariage,
1228 5507 1265 5596 je
1282 5526 1327 5575 ne
1346 5524 1402 5574 me
1420 5503 1594 5573 souviens
1659 5545 1662 5550 n
