4120 6284
805 491 882 546 Actu
899 491 954 546 Pa·
971 491 1035 546 PP.
1055 493 1092 546 X.
1680 493 1700 548 9
1819 515 1823 523 ·

195 669 371 760 ctiones,
395 674 643 750 sanctorum
664 672 878 774 reliquias,
901 695 1043 752 sacras
1064 674 1283 775 imagines,
1307 675 1544 776 legatorum
1566 678 1699 754 adim-

195 791 480 893 plementum,
506 798 632 897 prout
656 797 865 897 disposita
891 799 1063 876 suntin
1088 800 1334 877 memoratis
1361 799 1604 899 apostolicis
1630 801 1697 877 lit·

194 917 299 996 teris
329 919 401 996 Pii
428 921 507 1010 IX,
538 925 580 997 et
608 923 707 998 ante
736 921 1083 998 constitutionem
1112 921 1306 1020 Sapienti
1335 923 1510 998 coasilio
1540 923 1586 1000 in
1616 945 1698 1001 usu

197 1047 327 1122 erant
346 1067 478 1146 penes
500 1045 540 1123 S.
563 1046 944 1148 Congregationem
965 1047 1247 1126 visitationis.

307 1171 367 1244 18.
387 1169 711 1270 Lipsanotheca‚
728 1175 771 1248 et
786 1176 930 1249 coetus
947 1173 1001 1249 ab
1017 1173 1284 1273 archeologia
1299 1176 1342 1251 et
1357 1196 1383 1251 a
1400 1172 1564 1250 musica
1581 1193 1701 1250 secra

197 1294 308 1373 huic
328 1296 462 1373 officio
483 1297 788 1397 adiunguntur,
810 1297 987 1398 integris
1008 1297 1054 1375 in
1075 1297 1238 1399 reliquo
1260 1298 1533 1376 manentibus
1556 1319 1702 1376 eorum

197 1418 353 1496 ordine
373 1441 423 1496 ac
443 1423 571 1498 statu.

307 1547 367 1620 19.
394 1544 439 1622 Si
463 1568 549 1645 qua
572 1546 717 1646 itaque
742 1547 971 1625 difficultas
996 1551 1071 1625 aut
1092 1548 1284 1648 quaestio
1310 1548 1364 1626 ad
1390 1548 1700 1647 archeologiam

198 1692 373 1748 sacram
394 1671 463 1747 vel
484 1671 695 1750 musicam
717 1673 1045 1752 ecclesiasticam
1069 1676 1265 1773 spectans
1288 1673 1443 1751 exoriri
1466 1671 1698 1773 contingat,

204 1923 293 2000 sub
326 1923 416 2000 eius
447 1925 517 2001 vel
553 1925 844 2003 commissarii
877 1925 1009 2003 ductu
1043 1927 1266 2003 memorati
1300 1927 1443 2003 coetus
1479 1948 1701 2026 congrega·

199 2051 381 2127 buntur.

309 2179 371 2252 20.
396 2178 607 2255 Volumus
628 2180 846 2277 praeterea
868 2201 917 2254 ac
940 2177 1170 2255 statuimus
1192 2181 1241 2255 ut
1262 2199 1391 2278 penes
1413 2176 1494 2254 hoc
1516 2175 1702 2252 officium

200 2303 397 2402 primum
413 2325 553 2381 novus
571 2305 715 2381 coetus
731 2326 804 2382 seu
823 2303 1064 2380 commissio
1083 2304 1136 2379 ab
1155 2311 1246 2379 crte
1264 2323 1385 2380 ccccc
1403 2301 1700 2390 constituatur,

201 2433 249 2507 et
271 2430 352 2507 hac
373 2430 513 2530 prima
534 2429 626 2508 vice
649 2429 780 2508 Nobis
800 2452 1067 2508 reservamus
1087 2429 1239 2530 eligere
1262 2429 1304 2506 'et
1324 2427 1545 2506 nominare
1568 2427 1643 2528 qui
1665 2424 1704 2504 ei

202 2556 347 2634 coetui
364 2556 676 2636 adscribantur.

317 2685 369 2760 In
387 2687 604 2784 posterum
622 2707 722 2760 vero
741 2683 834 2784 ipsi,
854 2681 1047 2783 praeside
1068 2679 1287 2759 Cardinali
1305 2680 1476 2758 Vicerio
1493 2680 1562 2756 vel
1584 2680 1703 2758 Com-

203 2808 417 2899 missario,
446 2809 633 2910 deligent
657 2813 699 2886 et
720 2808 895 2887 Summo
921 2807 1118 2886 Pontifici
1143 2809 1381 2907 proponent
1406 2827 1477 2883 eos
1503 2803 1577 2903 qui
1603 2801 1704 2881 huic

204 2935 347 3013 coetui
368 2937 684 3014 accenseantur.

312 3063 478 3139 Horum
503 3061 680 3139 consilio
704 3060 944 3138 Cardinalis
970 3059 1166 3139 Vicarius
1191 3061 1334 3138 utetur
1358 3057 1404 3135 in
1429 3056 1483 3135 iis
1508 3055 1707 3133 omnibus

207 3211 318 3288 quae
347 3189 403 3265 ad
432 3211 599 3266 sacram
627 3186 798 3265 aedium
829 3185 1199 3274 constructionem,
1232 3181 1610 3270 conservationem,
1644 3200 1704 3256 re-

211 3314 532 3402 staurationem,
554 3315 753 3392 ornatum
771 3314 813 3390 et
832 3311 989 3389 similia
1007 3311 1260 3411 pertineant.

310 3442 373 3516 21.
392 3439 597 3517 Recensio
611 3439 658 3515 in
674 3439 753 3516 hoc
768 3438 905 3517 officio
920 3437 996 3516 fiat
1011 3440 1053 3514 et
1068 3436 1292 3536 diligenter
1309 3436 1498 3512 servetur
1514 3432 1707 3511 omnium

211 3567 485 3645 ecclesiarum
514 3565 654 3654 Urbis,
684 3587 783 3642 cum
810 3562 1158 3642 adnotationibus
1185 3560 1433 3638 necessariis
1460 3560 1536 3635 aut
1558 3577 1706 3657 oppor-

212 3693 325 3772 tunis
346 3693 400 3771 de
421 3691 616 3793 ipsarum
637 3692 766 3770 statu.

843 3967 995 4054 CAPUT
1024 3969 1079 4051 ll.

758 4161 947 4223 orrrcruu
967 4161 1170 4220 Auruncu.

493 4311 553 4392 De
576 4309 683 4392 cleri
704 4314 748 4391 et
767 4306 999 4390 christiani
1019 4305 1168 4410 populi
1188 4303 1435 4406 disciplina.

225 4585 232 4596 ..
311 4527 374 4602 22.
396 4522 596 4603 Officium
614 4522 666 4598 de
683 4520 784 4598 cleri
801 4521 843 4597 et
860 4517 1008 4619 populi
1025 4515 1248 4595 christiani
1267 4514 1507 4614 disciplina,
1529 4514 1712 4612 quatuor

216 4653 407 4752 partibus
426 4649 681 4727 continetur.
707 4649 800 4724 Hae
824 4648 941 4724 sunt:
969 4649 1020 4720 1.⁰
1043 4644 1094 4720 de
1118 4643 1241 4730 clero,
1268 4642 1322 4715 2.⁰
1342 4640 1393 4716 de
1417 4637 1626 4716 institutis
1649 4658 1710 4712 re-

217 4779 377 4880 ligiosis
402 4775 646 4864 mulierum,
675 4775 728 4850 3.⁰
750 4773 801 4850 de
827 4770 995 4860 scholis,
1023 4767 1211 4868 collegiis
1237 4767 1416 4866 aliisque
1442 4763 1562 4841 laicis
1587 4762 1711 4861 ephe-

215 4905 314 4994 beis,
341 4901 394 4978 4.⁰
418 4903 470 4979 de
495 4898 915 4979 confraternitatibus
939 4895 1118 4995 aliisque
1143 4891 1527 4970 consociationibus
1551 4891 1593 4965 et
1617 4908 1711 4985 ope-

218 5031 334 5109 ribus
356 5027 598 5108 socialibus.

314 5158 377 5232 23.
399 5156 453 5231 In
472 5151 652 5253 singulis
671 5151 854 5250 quatuor
872 5147 1001 5225 huius
1020 5145 1148 5224 officii
1165 5143 1361 5245 partibus
1377 5165 1489 5220 unus
1508 5139 1588 5217 erit
1607 5163 1633 5217 a
1652 5161 1711 5216 so-

216 5283 349 5372 cretis,
375 5280 452 5382 qui
475 5280 554 5358 sub
572 5278 823 5356 auctoritate
847 5297 896 5353 ac
917 5275 1027 5352 nutu
1049 5269 1291 5349 cardinalis
1313 5267 1474 5345 Vicarii
1496 5267 1537 5342 et
1560 5265 1712 5342 Adses-

217 5409 318 5488 soris
333 5429 485 5488 curam
504 5404 695 5504 proximo
714 5400 889 5480 habebit
908 5399 1100 5476 omnium
1121 5419 1230 5497 quae
1250 5417 1326 5494 pro
1347 5417 1425 5473 sua
1446 5390 1573 5471 officii
1593 5391 1712 5490 parte

217 5537 396 5636 gerenda
416 5531 519 5612 sint.
