4120 6284
328 409 348 466 8
648 413 726 467 Actu
743 411 934 480 Apostolicae
951 411 1049 468 Sedis.
1068 439 1087 452 -
1107 413 1366 470 Commentarium
1387 415 1528 483 officiale.

329 595 541 696 quenniis,
559 619 607 672 eo
622 595 714 696 ipso
729 618 842 672 anno
858 619 942 696 quo
955 595 1105 673 Italiae
1121 596 1337 675 Ordinarii
1353 597 1608 698 obligatione
1624 601 1824 678 tenentur

328 721 578 800 relationem
605 723 655 799 de
684 727 800 799 statu
828 745 929 800 6666
957 722 1159 800 dioecesis
1187 723 1228 800 S.
1258 723 1357 801 Sodi
1384 723 1626 814 exhibendi,
1659 726 1712 802 ab
1741 727 1824 802 hae

314 847 643 965 ¹Commissione
665 847 864 925 visitatio
885 848 1117 970 apostolica
1137 848 1214 926 fiat
1232 851 1278 926 in
1300 850 1413 927 Urbe
1434 850 1608 950 eiusque
1630 851 1823 944 dioecesi,

335 975 454 1051 nulla
471 975 555 1052 alia
571 975 777 1073 requisita
792 975 944 1051 Nostra
958 975 1026 1050 vel
1044 974 1340 1052 Successorum
1357 977 1606 1054 Nostrorum
1622 979 1823 1077 praesori-

330 1097 488 1197 ptione,
511 1100 688 1176 6166116
708 1100 798 1178 loco
818 1104 893 1178 aut
912 1123 1092 1199 persona
1111 1101 1309 1202 exceptio,
1333 1105 1500 1201 praeter
1519 1101 1559 1180 S.
1582 1105 1631 1180 R.
1655 1103 1702 1181 E.
1726 1105 1825 1180 Car-

331 1224 1358 1332 (1166166,66161166666161166618.8611661166.
1570 1233 1572 1240 '

431 1356 491 1428 11.
515 1351 660 1428 Ρ11616
683 1354 826 1428 661616
849 1351 1096 1429 huiusmodi
1118 1353 1328 1444 lustratio,
1354 1377 1467 1430 nova
1490 1355 1570 1431 hac
1593 1354 1682 1454 lege
1707 1376 1825 1454 6616-

336 1476 485 1579 genda,
503 1476 578 1553 fiat
594 1500 706 1554 anno
725 1481 831 1554 1916.
851 1477 966 1572 Quae
984 1481 1128 1555 autem
1144 1480 1189 1554 in
1206 1481 1420 1579 praesenti
1435 1480 1626 1570 habetur,
1646 1481 1740 1581 ipsa
1756 1483 1825 1558 (116

331 1625 417 1702 qua
433 1603 538 1680 haee
557 1602 803 1681 constitutio
820 1603 973 1693 editur,
994 1603 1316 1682 intermittatur.

434 1730 493 1805 12.
515 1730 760 1828 Antequam
781 1751 920 1807 annus
939 1729 1118 1829 incipiat
1137 1730 1406 1810 Visitationis
1426 1733 1472 1809 in
1493 1733 1606 1810 Urbe
1625 1753 1826 1833 peragen-

336 1856 427 1943 dae,
447 1857 529 1931 PP.
552 1855 799 1932 Cardinales
818 1857 1040 1933 memorati
1058 1859 1201 1932 coetus
1220 1859 1485 1947 convenient,
1505 1861 1553 1934 ut
1573 1860 1706 1936 socios
1724 1859 1823 1936 visi-

332 1980 508 2058 tationis
530 1980 690 2080 eligant
713 2004 737 2058 a
760 1979 935 2058 Summo
958 1981 1163 2060 Pontifice
1187 1982 1494 2084 approbandos,
1519 1985 1593 2084 qui
1615 2005 1704 2061 una
1726 2005 1822 2060 cum

335 2103 554 2182 Cardinali
576 2104 757 2194 Vicario,
803 2105 964 2205 partita
1006 2107 1237 2206 provincia,
1262 2107 1459 2184 ecclesias
1483 2109 1526 2185 et
1548 2108 1621 2209 pia
1644 2106 1736 2185 loca
1760 2107 1821 2182 16-

332 2223 540 2314 strabunt
560 2227 687 2326 atque
705 2228 754 2304 ut
772 2227 856 2304 alia
873 2229 1115 2318 decomant,
1135 2252 1243 2330 quae
1262 2231 1567 2331 opportuniora
1586 2231 1640 2307 ad
1660 2230 1826 2307 felicem

329 2345 588 2425 visitationis
611 2350 775 2426 exitum
797 2350 1038 2429 videantur.

434 2473 493 2548 13.
520 2474 572 2549 In
595 2473 839 2553 visitatione
862 2480 1104 2578 peragenda
1125 2479 1294 2579 regulae
1317 2480 1600 2557 servabuntur
1624 2501 1732 2578 quae
1757 2479 1824 2557 de-

330 2601 444 2675 creto
465 2603 496 2675 A
523 2601 808 2677 remotissima
827 2601 867 2679 S.
892 2603 1239 2705 congregationis
1261 2605 1577 2684 Consistorialis
1599 2604 1666 2682 die
1688 2607 1735 2680 31
1756 2605 1824 2682 de-

330 2723 511 2802 cembris
528 2747 597 2802 an.
620 2729 717 2802 1909
735 2731 918 2806 61616166
938 2732 1050 2806 6661.
1882 2721 1888 2736 ’

434 2853 493 2928 14.
519 2851 630 2929 Socii
652 2853 911 2931 visitationis
934 2856 1077 2932 161666
1100 2856 1268 2933 6611616
1291 2858 1421 2934 edant
1444 2856 1673 2945 decretum,
1699 2856 1824 2934 nihil-

332 2999 415 3077 que
430 2978 514 3079 ipsi
530 2981 794 3057 constituant
812 2982 888 3058 aut
903 2980 1089 3071 iubeant3
1106 2980 1404 3059 tantummodo
1422 2981 1609 3071 videant,
1628 2982 1826 3070 16161661,

330 3105 653 3203 proponantque
673 3105 811 3182 coetui
833 3106 916 3181 ΡΡ.
941 3105 1234 3182 Cardinalium
1255 3128 1363 3205 quae
1385 3105 1633 3206 corrigenda
1653 3108 1721 3183 vel
1743 3107 1824 3184 sta-

332 3227 522 3306 bilienda
540 3231 742 3332 censeant
762 3232 808 3307 in
828 3230 1015 3309 ecclesiis
1037 3231 1172 3332 piisve
1192 3230 1296 3308 16616
1318 3254 1343 3309 6
1363 3253 1407 3309 66
1428 3231 1632 3309 166116116.

438 3353 615 3429 Decreta
637 3356 781 3429 autem
803 3354 968 3452 legesve
991 3376 1044 3429 ne
1066 3352 1268 3442 16166161,
1292 3354 1376 3429 6161
1400 3376 1425 3429 6
1446 3359 1679 3431 6161661616
1702 3356 1823 3431 66616

336 3476 417 3552 ΡΡ.
440 3477 745 3568 (161(116611661,
763 3479 832 3555 vel
850 3479 941 3555 61116
960 3479 1130 3558 6661166
1149 3480 1190 3556 61
1208 3479 1460 3556 66616111616
1479 3502 1504 3555 6
1524 3479 1825 3556 Commissario

331 3599 587 3680 Vicariatus.

434 3731 493 3804 15.
527 3727 571 3806 Si
599 3751 708 3830 quae
732 3731 778 3806 in
807 3729 1050 3808 visitatione
1080 3734 1315 3820 occurrant,
1349 3753 1457 3830 quae
1488 3729 1636 3830 gravia
1666 3729 1824 3806 616161

328 3853 615 3951 provisionem
635 3855 718 3932 cito
742 3857 970 3955 postulent,
997 3880 1047 3933 66
1071 3880 1096 3934 6
1121 3855 1340 3934 Cardinali
1366 3856 1535 3933 Vicario
1560 3855 1627 3932 vel
1652 3877 1678 3931 a
1704 3856 1822 3932 Com·

331 3978 526 4057 missario
549 3979 724 4057 Summo
749 3979 945 4057 Pontifici
969 3981 1288 4082 quamprimum
1311 3983 1561 4058 referantur.

431 4105 611 4204 Expleta
630 4099 779 4182 'autem
803 4105 1060 4196 visitatione,
1089 4108 1314 4185 abeodem
1339 4107 1639 4186 Commissario
1666 4105 1825 4204 scripta

331 4229 479 4306 relatio
497 4229 672 4308 Summo
691 4230 888 4308 Pontifici
905 4232 1145 4310 exhibenda
1163 4233 1408 4311 conficietur
1427 4233 1478 4310 de
1493 4233 1691 4310 omnibus
1710 4253 1823 4310 sum-

335 4356 487 4432 matim
515 4356 687 4432 maioris
715 4358 921 4434 momenti
948 4359 1072 4434 rebus
1099 4381 1207 4458 quae
1235 4361 1279 4434 16
1306 4358 1552 4436 visitatione
1579 4363 1820 4459 compertae

332 4481 431 4570 sint,
456 4504 504 4558 ac
526 4482 577 4559 (16
599 4482 790 4560 decretis.

433 4609 492 4682 16.
514 4608 604 4703 Quo
623 4609 767 4685 autem
783 4609 973 4686 visitatio
991 4609 1127 4687 tutius
1144 4612 1186 4687 et
1203 4607 1443 4710 expeditius
1461 4609 1718 4708 perficiatur,
1739 4609 1822 4686 effi·-

330 4733 445 4811 cium
470 4734 651 4812 alterum
676 4735 727 4812 de
752 4734 853 4811 cleri
877 4735 1103 4835 disciplina
1127 4737 1168 4812 et
1193 4734 1379 4813 officium
1405 4737 1606 4836 quartum
1632 4735 1684 4812 (16
1709 4756 1824 4812 oeco-

328 4849 496 4936 nomica
514 4860 883 4938 administratione
901 4884 1133 4965 eorumque
1155 4859 1397 4938 administri
1418 4883 1470 4937 ne
1493 4861 1695 4938 omittant
1715 4879 1824 4960 quae

334 4986 505 5085 cognitu
536 4987 772 5063 necessaria
802 4987 869 5062 vel
898 4990 1136 5086 opportuna
1167 4987 1253 5064 sint
1281 5009 1380 5063 cum
1408 4987 1703 5064 visitatoribus
1734 4987 1823 5062 sive

329 5111 441 5189 ultro
460 5112 548 5190 sive
567 5113 621 5191 ad
642 5112 833 5214 ipsorum
855 5113 1102 5212 petitionem
1125 5111 1451 5189 communicare.

430 5235 490 5314 17.
521 5238 666 5316 Officio
694 5238 831 5339 primo
854 5238 1028 5337 insuper
1056 5238 1257 5337 competit
1284 5240 1377 5314 tum
1405 5236 1665 5314 visitationis
1693 5258 1819 5324 anno,

330 5364 422 5440 tum
445 5365 565 5441 extra
587 5365 666 5441 hoc
687 5367 869 5464 tempus,
896 5363 1106 5442 moderari
1129 5363 1339 5464 quidquid
1362 5362 1407 5440 in
1430 5362 1630 5451 ecclesiis,
1658 5359 1823 5439 sacellis

332 5487 511 5588 aliisque
534 5491 664 5566 sacris
686 5489 814 5568 Urbis
834 5491 938 5568 16616
960 5490 1124 5568 6611661
1146 5489 1342 5568 divinum
1365 5475 1539 5590 spectat,
1564 5510 1706 5566 sacras
1729 5489 1824 5564 166-
