4120 6284
763 433 795 490 S.
815 434 960 490 Rouana
980 435 1086 490 Rata„
1633 428 1669 485 33

266 620 314 688 5?
337 621 396 690 An
422 621 726 710 archipresbyter
748 622 885 692 habeat
908 622 967 692 ius
990 621 1174 691 residendi
1199 622 1237 691 in
1261 622 1372 691 domo
1396 621 1580 692 Ecclesiae
1605 619 1669 690 Ca·

162 743 321 814 thedrali
355 745 552 832 adiacenti,
576 768 730 836 eamque
755 748 907 818 domum
933 747 981 816 ad
1004 768 1113 817 usum
1148 745 1387 816 habitationis
1411 745 1562 835 aptandi
1590 743 1668 815 suis

165 868 388 957 sumptibus,
412 876 450 940 et
473 870 762 959 independenter
785 891 808 939 a
833 870 1014 959 Capitale.

907 1088 933 1156 l.

270 1248 304 1316 2.
319 1247 483 1317 Primum
498 1248 650 1318 dubium
667 1249 768 1338 quod
781 1247 922 1334 attinet,
934 1270 1061 1318 euram
1073 1269 1205 1335 nempe
1219 1251 1433 1316 animarum
1449 1247 1669 1314 habitualem

167 1376 204 1440 et
225 1376 423 1456 actualem,
447 1377 610 1461 potestas
634 1394 679 1442 ea
704 1372 920 1462 peragendi,
945 1393 1040 1461 quae
1067 1370 1252 1460 pertinent
1274 1372 1323 1440 ad
1347 1370 1666 1440 Sacramentorum

168 1495 475 1566 ministrationem
493 1503 530 1568 et
544 1497 616 1567 alia
631 1497 856 1582 huiusmodi,
880 1519 975 1587 quae
999 1496 1204 1585 antiquitus
1228 1497 1276 1565 ab
1297 1495 1387 1584 ipsis
1410 1493 1603 1584 Episcopis
1625 1499 1668 1564 ut

167 1620 386 1709 plurimum,
410 1627 476 1692 aut
497 1643 521 1691 a
544 1621 807 1693 cathedralium
833 1621 1159 1710 archipresbyteris
1188 1621 1459 1710 praestabatur,
1484 1619 1668 1708 appellata

167 1748 224 1813 est
247 1745 435 1833 posterius
458 1767 479 1815 a
503 1745 749 1816 decretalibus
776 1768 866 1815 mera
897 1750 1120 1832 animarum,
1147 1744 1284 1814 Marius
1308 1745 1445 1832 Lupus,
1468 1746 1520 1812 De
1543 1747 1669 1814 Pome-

167 1871 235 1938 ciie
259 1873 345 1938 aule
376 1891 518 1939 mmmm
542 1876 640 1955 1000,
663 1874 783 1940 dicul.
807 1875 846 1956 2,
872 1893 950 1956 oap.
975 1877 1038 1967 10,·
1069 1869 1208 1954 Bouix,
1230 1872 1282 1938 De
1312 1870 1486 1953 Paroaho,
1510 1870 1609 1937 Part.
1633 1871 1667 1954 I,

170 1995 254 2079 Cap.
281 1995 395 2086 V,§I
396 1997 432 2079 V,
457 1999 493 2064 et
516 2016 615 2065 nunc
639 2017 662 2065 a
687 1996 848 2083 parocho
873 2001 1072 2080 exercetur,
1096 1995 1159 2084 qui
1184 1993 1425 2065 communiter
1454 1993 1669 2083 intelligitur

168 2119 363 2206 presbyter
386 2119 546 2209 legitime
570 2120 780 2208 deputatus,
803 2117 862 2191 cui
885 2143 930 2189 eu
951 2124 1061 2207 officio
1084 2119 1259 2208 competit
1280 2121 1447 2206 obligatio
1472 2124 1509 2189 et
1525 2122 1587 2188 ius
1608 2139 1670 2188 uo-

166 2246 264 2311 uiue
290 2250 444 2332 proprio
471 2245 538 2316 rite
561 2250 599 2316 et
621 2245 911 2333 independenter
933 2251 969 2315 et
986 2246 1093 2333 plene
1117 2243 1311 2314 exercendi
1334 2242 1519 2331 propriam
1545 2263 1670 2314 curam

168 2367 379 2438 animarum
403 2369 491 2439 certi
515 2370 658 2440 numeri
681 2369 843 2441 fidelium
867 2370 1082 2460 regulariter
1105 2370 1202 2439 intra
1225 2367 1508 2438 determinatum
1531 2368 1670 2438 territo

170 2491 262 2558 rium
288 2491 470 2562 dioecesis
493 2494 714 2583 degentium,
730 2493 793 2584 qui
817 2494 978 2564 vicissim
1004 2494 1052 2563 ab
1075 2493 1203 2565 eodem
1228 2494 1441 2581 presbytero
1465 2513 1569 2562 sacra
1586 2493 1670 2562 reci-

168 2637 252 2704 pere
287 2617 522 2706 aliquatenus
553 2625 734 2690 tenentur.
768 2620 917 2704 Wernz,
940 2622 1005 2689 Ius
1034 2623 1185 2703 Deerat,
1212 2621 1301 2689 Tora.
1325 2620 1380 2702 II,
1407 2621 1471 2688 Tu.
1496 2619 1668 2702 XXXIX,

166 2763 202 2808 u.
224 2747 306 2826 821,
331 2744 356 2810 Ι
360 2768 372 2826 ,·
395 2743 526 2828 Bouix,
548 2749 605 2813 cll.
630 2746 725 2814 Pare
747 2747 775 2830 I,
803 2745 889 2831 (lap.
913 2747 975 2829 IX,
1000 2745 1020 2835 ἓ
1043 2746 1084 2814 II
1102 2748 1134 2812 et
1156 2746 1223 2814 III.

273 2868 305 2936 3.
332 2867 429 2938 Cura
452 2869 669 2955 animarum,
685 2870 756 2940 hoc
780 2871 906 2941 stricto
923 2875 960 2940 et
975 2870 1124 2959 proprio
1148 2891 1261 2939 sensu
1285 2874 1435 2958 accepta
1459 2889 1558 2956 «pro
1582 2889 1670 2938 cura

169 2993 482 3080 «poenitentiali,
506 3015 601 3083 quae
628 3001 819 3066 exercetur
842 2995 880 3064 in
903 2996 983 3065 foro
1008 2995 1200 3079 animae»,
1233 2995 1409 3080 Barbosa,
1432 2997 1484 3062 De
1506 2997 1617 3079 officio
1638 2997 1670 3062 et

165 3122 338 3202 potestate
369 3120 538 3204 Paraclet,
563 3122 658 3188 Para
687 3123 722 3205 1,
746 3142 824 3206 cap.
850 3127 880 3189 1.
905 3143 1003 3189 reum.
1027 3126 1088 3206 47,
1117 3148 1135 3183 «
1153 3120 1190 3190 in
1214 3119 1351 3207 duplici
1375 3124 1431 3188 est
1453 3118 1669 3200 differentia,

170 3241 280 3310 «alia
302 3263 437 3331 nempe
461 3242 594 3313 dicitur
623 3247 791 3328 actualis,
818 3243 893 3313 alia
921 3265 1010 3314 vero
1040 3244 1247 3332 appellatur
1271 3245 1481 3313 habitualis.
1505 3242 1669 3314 Actualis

172 3395 189 3430 c
205 3387 306 3451 cura,
332 3369 392 3459 (ex
416 3369 557 3439 eodem.
581 3370 758 3454 Barbosa,
781 3371 879 3454 tota,
902 3392 1001 3438 uum.
1028 3370 1098 3461 48),
1122 3369 1185 3439 illa
1207 3374 1273 3454 est,
1297 3390 1409 3458 quam
1439 3368 1524 3458 quis
1546 3375 1670 3439 actua·

171 3492 299 3577 «liter,
325 3492 363 3562 id
386 3498 443 3562 est
466 3498 552 3562 actu
574 3515 639 3582 per
655 3515 694 3564 se
709 3515 835 3584 gerere
850 3499 997 3564 tenetur
1011 3494 1049 3562 in
1066 3495 1244 3582 populum
1261 3515 1305 3564 ex
1322 3493 1540 3564 necessitate
1561 3494 1669 3564 officii

172 3615 351 3686 «ratione
375 3617 597 3705 parochialis
620 3620 679 3688 vel
702 3617 870 3688 beneficii
897 3617 1013 3688 curati
1037 3617 1076 3687 in
1100 3639 1174 3706 quo
1195 3623 1252 3687 est
1267 3618 1442 3688 canonice
1462 3617 1669 3688 intitulatus

172 3769 189 3802 «
206 3746 243 3810 et
267 3741 472 3812 institutus.
504 3742 713 3813 Habitualis
743 3764 831 3812 vero
863 3743 910 3812 ab
939 3743 1074 3812 actuali
1106 3742 1279 3813 distincta
1307 3742 1369 3811 illa
1399 3741 1542 3826 dicitur,
1574 3763 1669 3832 quae

172 3886 322 3953 «penes
346 3865 507 3955 aliquem
531 3867 672 3936 ratione
697 3867 852 3938 alicuius
876 3866 1044 3937 beneficii
1068 3866 1209 3936 infieri
1233 3873 1300 3951 est,
1320 3866 1476 3937 sednon
1500 3865 1537 3935 in
1561 3868 1668 3950 laeto,

170 4017 189 4053 «
205 3990 295 4079 quia
318 3989 351 4060 is
375 3990 629 4061 executionem
655 3991 846 4080 potestatis
869 4012 945 4061 non
965 3992 1086 4075 habet,
1106 3990 1165 4060 vel
1185 3990 1329 4061 delectu
1349 3989 1444 4060 tituli
1468 3989 1669 4078 spiritualis

170 4141 189 4176 ‹
205 4135 273 4202 per
287 4115 465 4185 unionem
483 4115 688 4186 accessoria
704 4117 837 4186 factam
855 4114 1017 4200 extincti,
1030 4121 1095 4184 aut
1107 4115 1195 4204 quia
1207 4114 1421 4203 parochiani
1441 4120 1669 4186 recesserunt

170 4267 189 4302 ‹
205 4260 251 4308 ex
268 4237 394 4309 causis
417 4239 542 4310 relatis
558 4261 623 4328 per
639 4239 745 4326 Azor,
760 4243 849 4310 luel.
866 4262 954 4310 mor.
973 4243 995 4310 l.
1009 4245 1043 4324 3,
1060 4262 1138 4326 cap.
1155 4246 1207 4323 12,
1225 4245 1358 4326 quaest.
1376 4245 1406 4323 6,
1432 4240 1491 4308 vel
1514 4239 1602 4328 quia
1625 4261 1669 4309 ex

172 4393 189 4426 ι
206 4364 399 4454 privilegio
425 4387 491 4436 seu
514 4364 781 4435 consuetudine
803 4364 948 4435 levatus
971 4365 1041 4434 fuit
1064 4384 1174 4434 onere
1198 4363 1389 4434 exercendi
1413 4369 1499 4434 actu
1515 4391 1545 4432 ».

271 4490 305 4558 4.
331 4489 405 4560 Sed
428 4495 485 4560 est
507 4495 544 4559 et
566 4489 640 4559 alia
661 4489 756 4559 inter
783 4489 991 4559 animarum
1023 4509 1149 4559 curam
1178 4488 1405 4558 habitualem
1429 4492 1465 4557 et
1488 4488 1668 4558 actualem

169 4615 358 4686 distinctio
382 4635 449 4685 seu
473 4614 678 4685 differentia
701 4615 931 4685 communior
953 4619 990 4683 et
1012 4613 1193 4683 usitatior.
1225 4613 1288 4682 llle
1312 4611 1446 4682 dicitur
1468 4633 1513 4681 ex
1538 4611 1668 4693 Bouix,

170 4747 224 4812 cu.
249 4745 347 4810 Pars
369 4742 397 4824 I,
422 4741 507 4810 Seel.
531 4741 596 4824 ΠΙ,
624 4740 710 4826 Gap.
733 4742 762 4824 I,
785 4763 821 4810 u.
844 4745 876 4825 2,
903 4741 1124 4809 habitualem
1147 4739 1338 4808 dumtaxat
1362 4758 1488 4808 curam
1521 4737 1668 4822 habere,

170 4865 232 4954 qui
256 4866 303 4934 de
326 4865 425 4933 facto
456 4863 555 4933 illam
583 4885 659 4932 non
692 4868 851 4948 exercet,
875 4884 943 4934 nec
975 4883 1143 4934 exercere
1172 4862 1287 4945 valet,
1311 4861 1377 4932 sed
1411 4863 1668 4932 tantummodo

169 4989 405 5079 aliquatenus
424 4993 547 5076 potest
563 4993 598 5058 et
614 4988 723 5058 debet
738 4986 929 5076 providere
946 4993 988 5056 ut
1002 5008 1067 5075 per
1083 4986 1254 5076 aliquem,
1271 4986 1340 5055 sub
1360 4985 1486 5056 vicarii
1508 4986 1668 5087 nomine,

170 5121 392 5186 exerceatur.
425 5114 513 5184 Tale
545 5118 601 5183 est
634 5113 734 5184 verbi
765 5113 883 5203 gratia
916 5113 1118 5202 capitulum
1153 5112 1381 5196 cathedrale,
1413 5112 1563 5200 quando
1598 5111 1669 5200 ipsi

172 5242 311 5312 adnexa
341 5245 401 5310 est
424 5259 513 5309 cura
536 5238 753 5308 animarum.
777 5239 806 5308 Ε
831 5243 961 5309 contra
983 5238 1043 5308 ille
1067 5241 1246 5311 actualem
1277 5258 1401 5307 curam
1426 5237 1562 5306 habere
1586 5235 1669 5308 dici-

170 5371 234 5452 tur,
249 5367 314 5458 qui
331 5368 378 5438 de
396 5366 495 5434 lacto
512 5385 592 5433 eam
610 5364 851 5434 exercendam
867 5363 990 5434 habet.
1008 5363 1084 5446 Vel,
1101 5368 1142 5433 ut
1159 5362 1367 5432 accuratius
1383 5361 1511 5432 definit
1527 5363 1667 5446 Wernz,

170 5497 220 5562 cu.
242 5516 278 5563 u.
301 5498 389 5576 821,
415 5491 471 5574 Il,
497 5488 659 5576 parocho
689 5487 868 5558 habituali
892 5508 980 5558 cura
1009 5487 1215 5556 animarum
1244 5508 1311 5556 nec
1335 5487 1380 5556 de
1403 5490 1498 5572 facto
1523 5505 1591 5556 nec
1623 5486 1667 5555 de

215 5629 640 5688 naumurum-raum.
1603 5625 1622 5669 ,⁷
