4120 6284
764 473 796 531 S.
818 474 961 530 Romana
977 473 1068 530 Rota.
1632 471 1668 527 43

167 657 325 727 exercita
347 657 466 728 luisse
490 657 605 727 invito
622 657 966 746 Archipresbytero:
991 663 1193 746 potuerunt
1208 658 1305 728 enim
1323 658 1451 728 eadem
1476 657 1557 728 iura
1571 679 1669 727 exer-

167 780 239 850 ceri
262 781 506 854 concessione
530 781 844 871 Archipresbyteri
875 783 934 852 vel
962 803 1154 872 expressa,
1183 787 1225 853 ut
1254 782 1351 854 circa
1384 783 1509 871 aliqua
1543 781 1670 852 munia

167 905 392 994 parochialia
416 913 572 992 constat,
588 908 647 978 vel
662 907 784 978 tacita.
810 907 932 993 Quare
956 905 1255 978 sententiandum
1272 913 1329 978 est
1345 927 1469 978 curam
1488 905 1669 977 actualem

165 1033 390 1117 universam,
414 1033 600 1104 exclusive
620 1039 657 1104 et
672 1033 964 1122 independenter
982 1054 1005 1103 a
1021 1033 1192 1121 Capitulo
1209 1033 1462 1117 exercendam,
1478 1033 1666 1121 Archipre·

166 1158 317 1244 sbytero
335 1163 553 1246 competere.

886 1337 949 1406 ΙΙΙ.

269 1497 326 1566 31.
351 1497 407 1566 Ex
429 1497 530 1567 hisce
553 1497 661 1586 plane
697 1497 865 1587 sequitur
889 1497 1257 1585 Archipresbyterum
1287 1497 1496 1566 habendum
1522 1500 1669 1565 esseut

167 1621 377 1692 Parochum
401 1643 527 1692 rerum
545 1629 581 1692 et
597 1622 821 1708 absolutum,
850 1622 981 1706 Piton,
1002 1625 1154 1708 Diaccpt
1178 1625 1305 1706 coclea,
1329 1625 1396 1707 cit,
1421 1643 1458 1690 c.
1483 1629 1518 1704 1,
1543 1625 1579 1690 et
1603 1620 1670 1690 Pa-

164 1748 328 1818 r'oeciam
353 1749 538 1819 exclusive
562 1770 584 1818 a
609 1748 780 1836 Capitulo
797 1754 1072 1838 repraesentare
1088 1768 1209 1837 posse,
1225 1768 1299 1838 arg.
1317 1769 1362 1820 ex
1379 1746 1533 1830 Pichler,
1549 1747 1624 1815 Lib.
1641 1749 1668 1830 I,

164 1877 311 1957 Decret,
339 1875 402 1942 Tit.
427 1875 596 1958 XXVIII,
619 1873 640 1964 5
662 1879 696 1958 3,
718 1895 754 1942 u.
780 1880 824 1942 15
832 1900 843 1957 ;
866 1879 902 1944 et
926 1873 1077 1943 omnino
1102 1872 1253 1943 evidens
1277 1877 1343 1942 est.

892 2105 950 2174 lv.

268 2265 325 2334 32.
350 2264 482 2350 Quoad
516 2265 679 2356 regimen
702 2265 888 2336 Ecclesiae
913 2263 1142 2335 Cathedralis
1178 2265 1382 2335 notandum
1416 2270 1472 2334 est
1507 2285 1589 2336 curn
1614 2265 1668 2335 Dc

166 2391 275 2474 buca,
292 2393 345 2458 Dc
368 2392 503 2460 Iurtsd.
520 2393 663 2478 diacep,
686 2390 792 2461 Card.
817 2389 955 2472 Albitii,
978 2413 1014 2460 n.
1032 2395 1107 2475 104,
1132 2410 1209 2459 non
1232 2409 1314 2460 esse
1338 2394 1545 2460 monstrum
1568 2390 1670 2478 quod

165 2514 199 2584 in
216 2535 296 2584 una
316 2515 481 2586 Ecclesia
505 2515 579 2585 duo
603 2515 678 2585 sint
701 2513 832 2604 capita,
849 2513 1005 2585 diversis
1028 2519 1152 2584 tamen
1176 2513 1246 2583 sub
1270 2513 1508 2602 respectibus,
1524 2517 1566 2583 ut
1588 2495 1670 2584 'con-

163 2637 343 2709 sideravit
365 2638 462 2708 Rota
485 2637 523 2709 in
546 2641 651 2709 decia.
668 2641 803 2710 Montis
818 2641 967 2726 chctia
982 2679 1002 2690 -
1018 2639 1288 2708 tarcacona
1303 2643 1348 2708 69
1369 2643 1402 2706 ct
1424 2645 1501 2723 121,
1525 2641 1624 2708 Part.
1640 2641 1668 2724 1,

161 2767 289 2833 recent.

271 2887 432 2974 Quinam
468 2887 543 2958 sint
577 2887 615 2957 hi
650 2893 850 2976 respectus,
874 2887 1175 2978 distinguendum
1211 2894 1269 2958 est
1302 2907 1385 2957 cum
1414 2887 1512 2957 Rota
1545 2908 1669 2958 coram

164 3011 384 3098 Guaxardo,
408 3015 874 3098 Mercatura-Pcrcuratis,
901 3013 943 3083 19
969 3011 1159 3082 Februarii
1185 3011 1282 3097 1680,
1305 3033 1404 3081 num.
1428 3017 1552 3097 32-33,
1576 3011 1671 3081 inter

82 3228 84 3234 Ι
162 3135 375 3206 structiones
410 3135 695 3222 ecclesiasticas,
726 3156 821 3226 quae
861 3137 1062 3224 respiciunt
1096 3157 1205 3208 curae
1244 3135 1456 3207 exercitium
1489 3141 1526 3206 ct
1555 3136 1671 3206 admi-

164 3261 423 3332 nistrationem
450 3261 784 3347 Sacramentomm,
815 3282 881 3352 per
904 3261 1088 3350 parochos
1117 3260 1197 3331 fieri
1228 3262 1367 3347 solitas
1395 3267 1431 3332 et
1458 3261 1551 3332 alias
1573 3283 1668 3351 quae

164 3388 210 3457 de
241 3387 322 3458 iure
353 3391 392 3457 et
422 3386 689 3458 consuetudine
725 3387 763 3457 in
799 3387 962 3458 ecclesiis
998 3386 1272 3458 cathedralibus
1302 3407 1367 3476 per
1402 3387 1600 3477 dignitates
1633 3393 1670 3457 et

164 3513 367 3582 canonicos
383 3511 422 3581 in
435 3511 548 3582 choro
564 3517 601 3582 et
616 3511 853 3601 collegialiter
869 3511 1029 3582 exerceri
1045 3511 1191 3582 debent.
1209 3511 1521 3604 Distinguendum
1537 3531 1670 3600 nempe

166 3641 224 3707 est
246 3639 344 3707 inter
378 3636 588 3707 functiones
612 3635 835 3726 capitulares
858 3641 895 3706 et
920 3635 1169 3725 parochiales3
1193 3641 1230 3706 et
1252 3638 1376 3725 quoad
1399 3635 1481 3705 illas
1508 3634 1670 3725 regimen

165 3759 343 3832 ecclcsiae
368 3761 590 3831 cathedralis
624 3767 832 3849 compatere
858 3760 1040 3850 Capitulo,
1064 3762 1188 3850 quoad
1217 3760 1285 3831 has
1318 3766 1524 3850 competere
1548 3759 1671 3831 Archi·

163 3885 380 3974 presbytero
414 3885 566 3973 planum
597 3892 664 3971 est,
687 3906 775 3959 nam
798 3885 1102 3974 Archipresbyter
1133 3884 1171 3954 in
1202 3885 1291 3956 casu
1318 3906 1429 3956 verus
1456 3891 1493 3955 et
1522 3885 1670 3955 absolu·

164 4017 226 4080 tus
249 4010 438 4099 parochus
468 4016 524 4081 est
547 4009 722 4081 ecclesiae
747 4009 973 4080 Perochialis
997 4009 1227 4081 Cathedralis
1254 4009 1490 4081 Salutiarum.

895 4241 936 4310 V.

270 4400 406 4486 Quoad
430 4399 489 4470 ius
505 4399 821 4489 Archipresbyteri
844 4361 1028 4470 residendi
1053 4398 1091 4468 in
1114 4399 1225 4468 domo
1248 4399 1435 4470 Ecclesiae
1460 4399 1668 4470 Gathedrali

163 4523 362 4610 adiacenti,
379 4545 535 4614 eamque
558 4526 606 4596 ad
629 4545 740 4595 usum
763 4524 1004 4594 habitationis
1028 4524 1180 4613 aptandi
1196 4524 1274 4594 suis
1291 4523 1501 4615 sumptibus
1520 4531 1557 4595 et
1572 4524 1670 4595 inde·

164 4649 370 4738 pendenter
393 4671 416 4718 a
440 4649 621 4738 Capitulo,
645 4650 851 4720 notandum
887 4654 1009 4719 estex
1034 4670 1111 4719 una
1145 4655 1248 4738 parte
1282 4649 1378 4719 hanc
1413 4650 1563 4719 domum
1594 4670 1669 4718 non
1803 4683 1804 4688 ,

163 4795 248 4844 esse
271 4774 311 4843 in
334 4773 559 4862 proprietate
585 4773 757 4863 Capituli,
780 4774 916 4863 quippe
952 4795 1047 4863 quae
1071 4773 1183 4844 veluti
1219 4795 1335 4844 unum
1358 4773 1470 4844 faciat
1496 4795 1580 4844 cum
1603 4773 1670 4844 Ec-

162 4899 288 4984 clesia,
304 4905 341 4970 et
357 4921 416 4970 res
444 4899 711 4971 ecclesiasticas
735 4901 782 4970 ad
805 4899 946 4970 cultum
970 4899 1133 4971 divinum
1158 4899 1332 4970 innervire
1349 4900 1504 4986 debere;
1527 4922 1571 4971 ex
1597 4901 1670 4970 alia

162 5046 252 5096 vero
287 5031 391 5114 parte
426 5027 597 5115 parochis
632 5025 869 5096 renidendum
894 5047 975 5096 esse
1002 5026 1098 5095 intra
1127 5026 1220 5096 fines
1244 5025 1460 5114 parochiae,
1488 5028 1527 5097 in
1558 5028 1668 5097 domo

162 5151 376 5240 parochiali,
401 5151 450 5220 ad
478 5151 649 5221 effectum
685 5149 822 5220 servitii
857 5150 1082 5239 personalia,
1106 5155 1217 5240 atque
1242 5151 1390 5220 domum
1421 5151 1668 5238 parochialem

161 5297 276 5366 quam
309 5297 409 5347 nunc
433 5275 735 5364 Archipresbyter
770 5275 944 5364 possidet,
969 5276 1017 5346 ob
1052 5297 1128 5346 non
1158 5274 1454 5365 contiguitatem,
1485 5276 1597 5345 immo
1633 5282 1668 5346 et

161 5401 374 5473 distantiam
390 5403 439 5472 ab
453 5401 619 5471 Ecclesia
632 5400 853 5486 Cathcdrali,
866 5402 973 5472 valde
989 5401 1262 5472 incommodam
1278 5407 1314 5472 et
1330 5400 1569 5490 incongruam
1587 5423 1667 5472 csse

162 5547 269 5597 curae
285 5529 497 5598 animarum
513 5532 550 5597 et
565 5525 715 5598 servitio
732 5527 945 5616 parochiali.
