4038 6274
742 461 774 518 S.
795 462 938 550 Romano
959 463 1047 516 Rota.
1568 458 1618 516 113

230 646 270 714 ln
304 645 468 715 themate
503 667 589 716 vero
625 646 753 715 Patres
787 644 1135 730 animadverterunt,
1171 645 1403 716 Comitissam
1439 645 1618 715 Nataliam

138 771 241 839 virum
265 769 393 854 alium,
418 769 596 840 Comitem
622 770 892 854 Harnancourt,
923 790 1049 839 amore
1080 776 1342 858 prosequutam
1370 769 1504 839 luisse:
1537 770 1619 840 ideo

137 893 398 963 matrimonium
429 914 510 964 cum
528 894 699 977 Aladaro,
716 893 825 964 sibia
847 901 951 981 patre
966 892 1156 981 proposito
1180 899 1385 964 aversatam
1403 913 1500 963 esse:
1520 921 1537 956 «
1557 895 1621 962 Re-

136 1018 286 1106 pugnavi
304 1047 321 1080 >
347 1019 482 1088 fatetur
506 1019 712 1102 Comitissa,
738 1046 756 1080 «
774 1017 861 1107 quia
880 1017 1032 1088 alterius
1048 1038 1172 1087 amore
1189 1038 1287 1087 eram
1313 1017 1464 1088 incensa
1476 1046 1506 1087 ».
1525 1017 1621 1103 Qua-

135 1149 273 1230 propter
289 1149 493 1230 protestata
508 1148 576 1227 est,
593 1164 632 1214 se
649 1143 849 1214 Aladarum
866 1163 941 1212 non
958 1163 1105 1228 amare;
1129 1163 1242 1231 seque
1258 1163 1340 1212 curn
1359 1164 1402 1212 eo
1418 1162 1619 1231 numquam

134 1288 205 1338 esse
227 1273 523 1354 contracturam;
554 1269 629 1338 imo
661 1269 785 1357 potius
817 1288 897 1338 esse
932 1267 1114 1338 illaturam
1141 1267 1211 1337 sibi
1242 1273 1408 1352 mortem,
1439 1289 1549 1356 quam
1582 1267 1619 1338 in

136 1392 237 1479 patris
258 1393 480 1462 sententiam
497 1393 707 1477 concedere,
721 1398 758 1462 et
769 1391 950 1478 lacrymas
966 1391 1135 1474 lundene,
1152 1397 1330 1480 quantum
1347 1391 1468 1481 potuit
1479 1393 1621 1476 restitit,

134 1517 229 1586 etad
253 1517 500 1587 novissimum
532 1538 651 1606 usque
683 1522 908 1586 momentum
942 1521 1145 1604 protestata
1167 1521 1224 1586 est
1251 1537 1290 1586 se
1314 1517 1361 1586 ab
1392 1515 1451 1584 his
1483 1517 1621 1604 nuptiis

135 1643 365 1714 vehementer
388 1644 595 1713 abhorrere.
621 1642 712 1712 Cum
730 1641 840 1731 igitur
855 1641 998 1711 aversio
1015 1639 1127 1710 animi
1145 1640 1363 1710 Comitissae
1383 1663 1404 1710 a
1424 1642 1622 1730 propositis

133 1765 264 1854 nuptiis
291 1773 467 1836 constans
490 1770 687 1854 appareat,
712 1785 868 1854 cumque
885 1764 931 1834 de
953 1764 1053 1834 illius
1077 1765 1259 1834 contraria
1282 1765 1472 1835 voluntate
1495 1766 1533 1835 in
1560 1765 1623 1836 illa

131 1895 286 1976 constet,
312 1891 486 1961 violentia
509 1891 586 1961 iure
611 1888 859 1978 praesumitur
883 1895 919 1959 et
941 1889 1043 1958 laesa
1068 1889 1219 1958 libertas
1243 1891 1291 1959 ad
1315 1889 1511 1960 essentiam
1537 1911 1622 1961 con-

134 2019 263 2085 tractus
280 2014 470 2104 requisita,
489 2022 531 2084 ut
554 2014 674 2085 tenuit
696 2015 803 2099 Rota,
827 2033 856 2082 c.
882 2012 1092 2097 Ludovisio,
1106 2016 1210 2082 docta.
1226 2019 1303 2098 326,
1323 2037 1356 2083 n.
1375 2020 1417 2082 7:
1442 2042 1460 2077 <
1533 2015 1623 2084 veri-

133 2171 148 2201 «
164 2139 442 2210 similitudinem
467 2138 684 2209 deducendo
716 2159 739 2207 a
771 2137 883 2206 nimia
910 2137 1023 2206 animi
1051 2137 1241 2207 aversione
1268 2158 1311 2207 ac
1338 2139 1623 2226 repugnantia...

133 2285 254 2353 «quae
290 2263 385 2334 sicut
421 2264 627 2348 declarant,
659 2263 824 2334 animum
862 2261 1147 2332 Marcbionissae
1179 2262 1446 2332 alienissimum
1470 2285 1493 2333 a
1519 2265 1625 2334 dictis

134 2389 303 2479 «nuptiis
329 2393 350 2458 l.
367 2393 401 2458 st
424 2393 515 2476 quis.
540 2389 560 2479 g
579 2392 755 2474 plerique,
779 2391 816 2474 ff.
840 2391 883 2454 dc
906 2389 1010 2473 relep.
1035 2392 1066 2456 ot
1088 2393 1229 2473 sumpt,
1256 2387 1307 2458 ita
1330 2394 1520 2458 removent
1541 2410 1626 2458 con·

133 2536 316 2584 «sensum
342 2535 365 2583 a
387 2513 684 2584 contractibus».

227 2641 351 2725 Quam
374 2637 466 2708 iuris
481 2638 818 2727 praesumptionem
837 2637 968 2706 lortius
984 2657 1065 2706 esse
1083 2636 1120 2704 in
1135 2657 1224 2706 casu
1240 2638 1441 2726 urgendam
1459 2637 1625 2706 Dominis

132 2763 241 2833 risum
270 2768 330 2832 est
352 2763 488 2851 quippe
512 2762 600 2851 quia
616 2767 652 2832 et
669 2762 789 2831 Patris
813 2760 1032 2831 Comitissae
1055 2761 1217 2831 indolem
1242 2761 1350 2830 talem
1376 2783 1456 2832 esse
1473 2763 1627 2832 refertur

131 2887 352 2970 atestibuS,
377 2891 419 2955 ut
450 2885 530 2954 eius
553 2884 727 2954 voluntas
759 2884 933 2953 omnibus
964 2889 1062 2953 esset
1091 2883 1149 2952 lex
1182 2884 1373 2968 absoluta,
1398 2884 1456 2954 cui
1487 2884 1625 2955 nemini

130 3011 377 3080 contradicere
401 3009 527 3079 liceret
549 3015 586 3078 et
609 3009 786 3098 quidquid
823 3009 900 3097 ipse
936 3008 1044 3078 vellet
1067 3030 1131 3097 per
1155 3009 1210 3078 las
1234 3014 1271 3078 et
1293 3009 1397 3079 nefas
1424 3009 1625 3082 obtineret:

133 3135 300 3205 «Comes
324 3134 503 3204 Emanuel
528 3133 629 3222 quod
652 3133 779 3218 voluit,
810 3134 962 3221 perfecit
988 3154 1154 3222 quoque:
1187 3134 1287 3203 haud
1311 3135 1446 3203 frustra
1468 3135 1627 3223 appella-

133 3259 295 3327 «baturz
321 3257 443 3326 Homo
467 3257 608 3326 ferreus
625 3285 642 3319 »
668 3261 710 3325 ut
741 3255 792 3324 ait
820 3256 925 3325 testis
950 3255 1118 3325 lolantha
1147 3255 1454 3342 Szentmikldssy;
1479 3263 1562 3342 aut,
1586 3264 1628 3328 ut

131 3387 326 3452 attestatur
349 3381 509 3451 Domina
532 3380 701 3450 Fischer:
734 3380 884 3450 «Verus
915 3385 1093 3466 tyrannus
1125 3386 1203 3449 erat
1236 3385 1272 3450 et
1302 3383 1625 3453 contradictionem

134 3528 236 3577 «non
262 3511 323 3576 est
345 3527 499 3595 passus:
526 3545 545 3556 -
570 3526 656 3574 seu:
682 3506 775 3575 adeo
800 3506 948 3574 durus..
973 3510 1014 3574 ut
1038 3505 1069 3573 si
1093 3505 1235 3575 coelum
1260 3526 1340 3575 cum
1365 3513 1463 3576 terra
1479 3509 1627 3578 commi·

132 3660 147 3688 «
163 3636 364 3716 scerentur,
389 3629 569 3719 quidquid
605 3630 714 3700 vellet
748 3629 827 3698 fieri
863 3630 1012 3699 deberet
1029 3653 1069 3714 »;
1094 3635 1130 3698 et
1153 3629 1240 3718 quia
1272 3629 1403 3699 Comes
1428 3632 1626 3718 Andrassy,

132 3754 179 3822 uti
201 3759 320 3826 testes
344 3775 475 3824 omnes
498 3755 671 3838 latentur,
688 3755 734 3822 ad
760 3752 1032 3822 matrimonium
1052 3753 1217 3822 Nataliae
1234 3775 1318 3822 cum
1339 3754 1495 3824 Aladaro
1513 3755 1627 3844 impo-

133 3879 304 3961 nendum,
327 3878 586 3966 impellebatur
609 3898 630 3946 a
655 3898 789 3966 magno
814 3877 1009 3947 commodo
1033 3879 1133 3966 quod
1149 3877 1229 3947 eius
1246 3877 1385 3947 familia
1408 3879 1559 3950 sentiret
1582 3902 1627 3951 ex

133 4003 310 4073 maioratu
335 4002 441 4073 cuius
464 4003 595 4072 haeres
619 4007 696 4072 erat
721 4002 913 4071 Aladarus
931 4002 1011 4071 Tali
1027 4002 1150 4090 itaque
1168 4001 1319 4087 homini,
1336 4003 1384 4072 ob
1400 4004 1509 4073 talem
1528 4025 1629 4074 caus

133 4147 205 4196 sam
232 4127 510 4197 matrimonium
542 4126 774 4216 proponenti,
801 4127 857 4196 vel
889 4125 985 4197 filiae
1009 4127 1174 4197 Nataliae
1198 4127 1526 4215 obtemperandum
1551 4135 1629 4199 erat

133 4257 257 4322 contra
281 4273 386 4322 suam
411 4251 653 4336 voluntatem,
669 4250 727 4320 vel
744 4250 824 4320 eius
841 4251 1128 4341 indignationem
1154 4251 1229 4338 pati
1254 4258 1464 4339 perpetuam
1484 4252 1629 4323 debuis-

133 4381 194 4460 set,
218 4377 250 4446 si
275 4397 353 4445 non
376 4375 678 4464 obtemperasset.
712 4376 878 4445 lamvero
909 4376 989 4445 sola
1015 4377 1179 4464 parentis
1211 4375 1426 4464 indignatio·
1444 4377 1630 4460 duratura,

135 4500 181 4568 ita
202 4501 318 4589 prolis
343 4500 549 4570 libertatem
572 4506 776 4589 promovet,
799 4506 842 4570 ut
866 4521 1070 4570 consensus
1095 4500 1131 4569 in
1158 4499 1235 4570 iure
1261 4501 1414 4570 deficere
1439 4508 1632 4572 censeatur

134 4621 322 4706 (Sauchez,
338 4623 390 4690 De
405 4625 562 4690 matrim.
588 4626 682 4708 disp.
706 4624 760 4705 VI,
776 4645 812 4690 a.
831 4629 892 4705 14;
916 4621 1107 4706 D’Annib,
1124 4623 1259 4690 Summ.
1278 4627 1299 4690 l.
1316 4623 1377 4712 I,§
1394 4627 1465 4712 Ml:
1490 4624 1577 4711 quia
1592 4624 1630 4692 in

135 4752 230 4815 metu
254 4745 497 4830 reverentiali,
521 4745 581 4816 ille
605 4746 669 4835 qui
694 4748 921 4816 coactionem
945 4766 968 4814 a
992 4752 1144 4834 parente
1169 4746 1336 4829 sustinet,
1362 4747 1467 4836 longe
1490 4747 1632 4836 gravio-

135 4887 206 4936 rem
231 4869 410 4958 impetum
434 4869 582 4958 patitur,
606 4869 833 4940 reverentiae
857 4873 894 4940 et
917 4869 1070 4940 affectus
1095 4891 1248 4954 caussa;
1274 4876 1383 4959 atque
1411 4871 1493 4941 ideo
1517 4871 1632 4960 quod-

135 4990 218 5062 libet
248 4993 466 5081 periculum,
498 4995 529 5063 si
565 5015 646 5063 oum
671 4994 876 5064 reverentia
901 4994 1155 5083 coniungatur,
1187 4995 1394 5064 libertatem
1417 4995 1539 5078 laedit,
1563 5016 1631 5066 ceu

136 5119 248 5186 tenuit
273 5119 377 5203 Rota,
394 5139 423 5187 c.
440 5119 575 5204 Royas,
600 5122 704 5187 decis.
729 5123 805 5203 491,
832 5142 866 5188 n.
891 5125 922 5187 8.
950 5149 967 5181 «
1034 5120 1072 5188 in
1088 5119 1147 5188 his
1171 5119 1338 5189 terminis
1362 5119 1494 5189 sufficit
1511 5126 1630 5189 metus

136 5267 152 5299 «.
168 5243 427 5327 reverentialis,
453 5242 578 5312 iuncto
602 5263 687 5312 cum
710 5243 873 5332 periculo
890 5243 975 5312 mali
997 5244 1121 5332 gravis
1148 5243 1387 5333 probabiliter
1411 5243 1561 5332 opinati,
1585 5265 1631 5314 ex

138 5395 154 5426 ι
170 5366 250 5436 sola
273 5368 434 5454 parentis
458 5367 757 5457 indignatione».

223 5489 295 5560 Sed
316 5493 353 5562 in
378 5513 468 5562 casu
492 5513 567 5561 non
592 5492 817 5582 agitantum
843 5492 888 5562 de
913 5498 1012 5562 metu
1037 5491 1279 5577 reverentiali,
1302 5514 1428 5562 verum
1462 5494 1507 5562 de
1537 5499 1646 5565 orato

191 5651 265 5700 ΑοτΔ.
279 5651 323 5696 rol.
336 5651 376 5705 lV,
391 5665 416 5696 u.
430 5653 452 5696 3.
467 5674 479 5686 -
494 5651 602 5695 lot-912.
1560 5653 1574 5695 ⁸
