4120 6284
753 443 1049 501 summota.
1117 528 1120 538 ,
1616 445 1652 502 39
1718 444 1723 452 ’

149 625 275 696 Bullae
311 628 512 698 erectionis
536 657 555 694 e
572 629 629 700 cui
658 629 849 700 immineat
882 650 972 700 cura
994 629 1201 700 animarum
1218 657 1250 714 »‚
1274 650 1393 719 neque
1417 651 1462 700 ex
1486 631 1653 702 subiecta

149 751 313 837 materia,
336 773 461 842 neque
484 776 529 824 ex
545 753 623 824 iure
659 754 856 838 communi,
880 753 1032 844 intelligi
1057 759 1213 844 possunt
1237 758 1302 823 aut
1337 755 1472 825 debent
1495 756 1540 826 de
1564 776 1652 828 cura

150 876 284 947 actuali
307 881 466 948 tantum.

252 1003 394 1073 Eadem
411 1004 518 1074 docet
538 1004 634 1074 Rota
658 1003 697 1074 in
719 1007 1092 1088 Rmmoo-Vicortoe,
1115 975 1239 1074 coram
1264 1003 1433 1088 Concide,
1457 1006 1480 1074 8
1502 1027 1653 1076 novem·

151 1125 225 1196 bris
263 1127 361 1212 luat,
385 1131 451 1212 cit,
478 1128 583 1197 cuius
617 1128 860 1218 fragmentum
897 1128 1096 1217 opponitur
1127 1128 1471 1217 Archipresbytero;
1494 1151 1581 1198 uam
1601 1129 1652 1199 ibi

150 1273 183 1318 a.
207 1255 240 1334 8,
265 1249 413 1320 termini
447 1251 645 1322 decisionis
675 1252 824 1322 fuerunt
850 1252 895 1321 de
920 1253 1102 1322 erectione
1127 1251 1254 1324 vicarii
1288 1253 1454 1341 perpetui
1486 1253 1523 1322 in
1553 1256 1653 1323 cotte-

147 1379 251 1460 piota
274 1365 414 1460 curato,
438 1381 475 1446 et
497 1375 581 1446 ideo
610 1381 706 1446 recte
742 1375 890 1447 deducit
913 1377 1019 1461 Rota,
1042 1380 1099 1464 tu,
1125 1401 1161 1446 a.
1187 1383 1248 1448 12:
1273 1379 1409 1466 «quod
1444 1399 1527 1448 oum
1554 1379 1653 1466 Papa

151 1528 169 1563 «
185 1501 346 1572 voluerit
376 1500 552 1571 vicarium
587 1521 713 1591 gerere
736 1503 869 1572 debere
901 1523 1028 1572 curam
1063 1501 1270 1573 animarum
1294 1502 1479 1572 Ecclesiae
1514 1503 1653 1574 incum-

151 1657 168 1687 ‹
185 1625 346 1709 bentem,
371 1625 458 1714 quia
492 1625 565 1696 ista
587 1627 700 1696 verba
729 1626 911 1715 recipiunt
945 1625 1284 1715 interpretationem
1310 1649 1329 1697 a
1357 1628 1439 1698 Iure
1463 1633 1499 1697 et
1522 1627 1653 1698 intelli-

151 1780 168 1813 «
184 1751 306 1840 genda
330 1750 405 1820 siut
427 1751 551 1839 quoad
574 1731 768 1834 actualem,
792 1773 868 1821 uon
892 1757 1016 1822 autem
1040 1753 1164 1841 quoad
1201 1753 1437 1837 habitualem,
1462 1774 1544 1823 curn
1568 1753 1653 1824 talis

152 1876 235 1945 «sit
258 1880 400 1945 notura
421 1879 552 1944 otoorit
568 1881 745 1962 perpetui,
770 1881 835 1964 qut
856 1882 982 1964 recipit
1004 1881 1047 1947 dc
1069 1901 1185 1948 ccccc
1206 1883 1351 1948 rectoris
1352 1906 1431 1948 .....

254 1999 423 2069 lamvero
458 1999 599 2069 nullum
626 1999 780 2070 dubium
804 2002 958 2090 quodsi
984 2003 1127 2074 dicatur
1161 2023 1250 2073 cura
1278 2002 1489 2073 incumbere
1519 2007 1654 2072 vicario

150 2130 330 2213 perpetuo
354 2125 392 2194 in
408 2124 564 2194 ecclesia
586 2125 659 2194 iam
684 2129 871 2212 cottcpioto
892 2128 1113 2209 curaturus
1135 2129 1249 2198 verba
1269 2149 1292 2196 a
1309 2128 1392 2198 lure
1417 2125 1667 2216 intelligenda¹

151 2255 237 2319 sunt
263 2251 309 2319 de
334 2270 422 2320 cura
458 2248 604 2332 actuali,
629 2270 710 2320 curn
746 2250 832 2320 talis
855 2250 904 2322 sit
926 2255 1066 2321 notura
1087 2255 1218 2322 cicc-rit
1240 2255 1421 2338 perpetui,
1444 2256 1486 2321 ut
1517 2251 1653 2339 optime

152 2375 255 2446 addit
280 2377 386 2445 Rota.

253 2500 304 2568 nt
327 2499 366 2568 in
389 2520 477 2571 casu
501 2505 629 2569 nostro
655 2500 762 2569 Bulla
786 2499 979 2571 erectionis
1007 2500 1157 2570 minime
1182 2500 1269 2572 dicit
1292 2521 1418 2570 curam
1443 2500 1653 2570 incumbere

152 2623 295 2695 l'icario
320 2630 510 2713 perpetuo,
533 2625 599 2696 sed
621 2624 1005 2713 Archipresbiteratui.

257 2751 310 2819 19.
336 2749 425 2820 Item
463 2770 539 2819 non
562 2749 664 2819 iuvat
688 2769 732 2818 ea
755 2749 1069 2838 interpretationis
1099 2750 1212 2834 ratio,
1236 2771 1347 2839 quam
1373 2748 1524 2820 Patroni
1549 2748 1654 2838 Capi-

149 2874 216 2944 tuli
242 2874 422 2963 optimam
447 2880 598 2946 censent
619 2880 656 2945 et
679 2875 838 2945 afferunt
860 2896 906 2944 ex
931 2876 1026 2945 Rota
1050 2875 1087 2945 in
1110 2878 1572 2950 Eordaeam-Vtrumne
1595 2894 1654 2944 co-

149 3020 228 3068 ram
255 2999 419 3084 bladino,
444 2997 595 3069 lanati
621 2999 718 3084 luat,
737 2999 838 3087 quod
861 3020 994 3086 nempe
1018 2999 1129 3069 etiarn
1153 2997 1323 3084 vicarius,
1347 2998 1410 3087 qui
1434 2999 1546 3068 habet
1569 2996 1654 3067 sim-

149 3125 235 3213 plex
270 3145 381 3194 curae
415 3123 641 3210 exercitium,
665 3145 790 3196 curam
825 3129 922 3194 recte
957 3123 1100 3194 dicatur
1134 3123 1290 3208 habere;
1321 3145 1408 3194 nam
1442 3123 1494 3193 ibi
1526 3123 1653 3192 Patres

151 3255 362 3338 postquam,
384 3270 431 3342 n..
444 3253 521 3332 3-4,
546 3248 737 3319 docuerint
771 3248 872 3336 quod
897 3247 970 3316 «in
994 3249 1220 3318 bacuniano
1253 3247 1323 3317 luit
1345 3252 1465 3333 operta
1500 3246 1654 3334 disposi-

152 3400 171 3437 ‹
186 3378 265 3442 tum
292 3373 393 3461 quod
414 3377 575 3443 mmm
598 3372 826 3461 praesentari
850 3373 998 3444 deberet
1020 3375 1068 3443 ab
1097 3371 1355 3442 archidiacono
1379 3377 1415 3442 et
1437 3371 1578 3442 institui
1606 3371 1654 3441 ab

152 3528 170 3560 «
189 3497 403 3578 Ordinario,
427 3497 528 3587 quod
552 3497 743 3568 manifeste
778 3497 939 3568 excludit
973 3518 1192 3568 concursum
1218 3502 1254 3566 et
1276 3499 1501 3582 apertissima
1535 3495 1655 3585 arguit

154 3652 171 3685 «
189 3643 316 3693 curam
339 3622 459 3712 ipsam
482 3623 605 3712 quoad
629 3622 844 3704 exercitium
859 3627 1001 3692 tantum
1027 3622 1140 3692 fuisse
1163 3621 1391 3707 translatam,
1407 3621 1531 3710 quoad
1555 3619 1654 3690 habi·

154 3753 267 3818 ‹tum
292 3767 379 3817 vero
402 3745 625 3818 remansisse
661 3767 776 3835 penes
811 3746 1144 3818 archidiaconum»
1171 3746 1302 3816 exinde
1337 3746 1563 3817 concludunt
1593 3745 1654 3814 mi-

151 3871 251 3941 nime
274 3871 407 3940 obesse
431 3869 574 3940 iuribus
607 3869 856 3941 archidiaconi
879 3871 979 3960 quod
1002 3869 1161 3941 vicarius
1185 3869 1327 3942 dicatur
1348 3870 1485 3940 habere
1515 3890 1652 3953 curam,

153 4016 237 4065 cum
260 3994 371 4066 etiam
396 3994 573 4079 vicarius,
597 3995 660 4084 qui
687 3995 800 4065 habet
829 3994 982 4084 simplex
1016 4015 1124 4066 curae
1152 3995 1375 4078 exercitium,
1403 4015 1529 4070 curam
1556 3999 1652 4064 recte

152 4119 296 4190 dicatur
319 4119 466 4189 habere.
535 4154 537 4160 ·
1327 4187 1331 4196 ,

257 4245 332 4316 Sed
355 4243 440 4315 inde
463 4246 646 4315 absonum
670 4250 768 4316 esset
791 4245 972 4315 deducere
996 4245 1096 4334 quod
1112 4245 1176 4334 qui
1199 4265 1325 4315 curam
1349 4244 1485 4314 habere
1509 4243 1651 4328 dicitur,

153 4389 233 4440 eam
267 4370 383 4439 habet
419 4375 560 4440 tantum
585 4369 623 4438 iu
658 4375 758 4455 actu,
782 4370 839 4438 vel
863 4377 905 4439 ut
934 4369 1109 4440 vicarius:
1134 4369 1226 4440 haec
1260 4367 1358 4439 euim
1393 4389 1468 4439 non
1503 4389 1652 4439 conver-

154 4499 292 4564 tuntur.

255 4620 310 4689 ab.
334 4621 463 4708 quue
488 4619 610 4690 minus
636 4619 738 4689 iuvat
761 4621 910 4708 propria
932 4621 1127 4690 verborum
1157 4618 1387 4708 significatio,
1410 4639 1522 4708 quam
1548 4619 1653 4708 Capi-

152 4743 218 4814 tuli
243 4743 393 4814 Patroni
418 4744 606 4814 deducunt
629 4765 675 4814 ex
699 4745 875 4828 Barbosa,
891 4747 943 4812 Dc
965 4745 1062 4829 Por,
1081 4748 1179 4829 port.
1196 4746 1226 4827 Ι,
1250 4764 1277 4812 c.
1293 4746 1323 4828 I,
1347 4765 1382 4813 c.
1401 4747 1519 4828 76-77,
1546 4743 1652 4814 cuius

154 4869 265 4938 rerba
287 4869 389 4939 velut
413 4867 584 4938 mutilata
608 4870 776 4938 afferunt.
793 4869 909 4940 Docet
925 4868 1022 4938 enim
1040 4868 1217 4952 Barbosa,
1233 4870 1289 4952 to,
1307 4891 1342 4938 n.
1359 4872 1421 4937 76:
1445 4896 1463 4931 «
1480 4888 1563 4937 cum
1587 4868 1653 4936 ha·

154 5023 171 5054 «
189 4995 318 5064 bemus
341 4995 457 5064 verba
480 4999 604 5063 actum
628 4993 842 5064 denotantia
863 5015 939 5063 non
963 4993 1097 5063 sufficit
1119 4991 1279 5076 habitus
1303 4991 1374 5062 nisi
1397 4990 1507 5062 etiam
1532 4991 1653 5061 subsit

156 5147 172 5180 ι
190 5122 291 5188 actus
308 5147 337 5188 ».
355 5117 465 5189 Unde
481 5117 595 5186 verba
610 5117 798 5186 Barbosae
815 5115 1029 5206 accipienda
1044 5122 1132 5186 suut
1146 5115 1362 5186 affirmative
1378 5115 1502 5204 quoad
1518 5120 1651 5199 actum,

158 5262 233 5311 non
248 5263 331 5313 vero
347 5241 533 5332 privative
549 5242 673 5329 quoad
689 5240 869 5325 habitum,
885 5247 922 5311 et
937 5261 1071 5310 sensus
1086 5245 1141 5310 est
1158 5239 1197 5308 in
1213 5260 1302 5310 casu
1318 5244 1446 5309 nostro
1463 5259 1539 5308 non
1555 5238 1654 5308 sulii·
1688 5265 1690 5271 ·

158 5387 234 5437 cere
248 5371 344 5458 quod
361 5363 681 5454 Archiprcsbyter,
701 5366 764 5455 qui
780 5365 914 5436 dicitur
935 5366 1071 5435 habere
1096 5385 1232 5450 curam,
1249 5385 1329 5434 eam
1353 5364 1488 5434 habeat
1510 5363 1650 5433 habitu.

249 5495 300 5565 tl.
324 5493 507 5565 lnefficax
531 5495 655 5561 autem
681 5495 718 5561 et
741 5511 764 5559 a
785 5489 863 5560 iure
888 5490 1048 5560 alienum
1073 5496 1127 5560 est
1152 5493 1409 5580 argumentum
1433 5487 1471 5556 in
1487 5489 1649 5558 lavorem
