4038 6274
379 408 431 469 138
678 410 756 466 Aeto
773 408 1080 478 sparnacensem.
1098 436 1117 450 ·
1138 408 1399 466 coementariam
1419 409 1561 478 officiolo.

377 593 505 666 libenti
528 595 677 686 quidem
701 595 825 666 animo
849 594 1151 665 existimavimus.
1170 594 1272 680 Quae
1296 615 1382 665 cum
1397 595 1450 666 ita
1465 595 1549 682 sint,
1573 596 1675 686 pium
1698 599 1872 687 precatio

377 742 466 792 num
492 721 596 811 Opus
618 721 726 792 titulo
750 749 768 785 «
786 721 909 791 Horae
933 721 1090 791 Sanctae
1114 727 1311 809 perpetuae
1335 722 1380 792 de
1398 720 1636 792 Gethsemani
1653 751 1671 786 »
1696 725 1871 797 canonice

375 844 584 917 institutum
603 847 643 917 in
662 846 797 917 sacello
814 845 950 917 Sancto
967 845 1154 916 Ludovioo
1170 846 1428 935 Andegaveusi
1444 846 1575 934 dicato,
1591 848 1871 922 civitatis'Tolo·

375 991 499 1056 sanae,
523 971 736 1061 Apostolica
759 971 893 1041 Nostra
916 969 1159 1055 Auctoritate,
1182 971 1431 1060 praesentium
1453 971 1491 1041 vi
1517 978 1809 1064 perpetuumque
1832 976 1870 1046 in

376 1096 542 1181 modum,
567 1097 604 1166 in
628 1095 1097 1179 Archiconnaternitatem,
1121 1094 1166 1164 iis
1190 1095 1325 1166 additis
1356 1095 1554 1186 privilegiis
1577 1118 1674 1187 quae
1700 1101 1745 1170 de
1769 1122 1870 1171 more

375 1219 736 1291 archisodalitatibus
751 1221 1013 1306 conceduntur,
1029 1219 1202 1310 erigimus
1217 1241 1261 1290 ao
1276 1227 1546 1310 promovemus
1565 1221 1683 1311 Super
1698 1225 1871 1295 enuncia-

375 1350 453 1416 tum
466 1351 590 1416 autem
605 1346 719 1436 Opus,
731 1345 945 1435 primarium
963 1366 1028 1433 pro
1043 1345 1218 1416 universa
1229 1343 1369 1415 Gallica
1381 1345 1519 1417 ditione
1532 1346 1699 1418 similiter
1710 1349 1856 1420 declara

374 1491 475 1556 mus;
499 1470 656 1560 ideoque
671 1469 770 1541 illius
785 1470 1005 1541 Moderatori
1020 1474 1131 1559 atque
1148 1468 1374 1541 Officialibus
1389 1471 1646 1559 praesentibus
1665 1495 1710 1544 ao
1724 1475 1868 1560 futuris,

374 1592 599 1665 Auctoritate
623 1593 856 1683 Apostolioa,
880 1593 1129 1683 praesentium
1165 1599 1313 1677 tenore,
1337 1593 1617 1684 inperpetuum
1648 1601 1868 1684 potestatem

373 1716 538 1802 iacimus,
561 1723 603 1787 ut
626 1717 696 1807 ipsi
720 1717 905 1807 quaslibet
927 1716 1020 1788 alias
1044 1715 1208 1788 eiusdem
1236 1716 1398 1788 nominis
1431 1723 1541 1808 atque
1572 1719 1730 1791 instituti
1754 1721 1869 1792 socie

372 1847 479 1929 tates,
491 1844 529 1912 iu
544 1843 683 1914 ditione
697 1843 846 1928 Gallica,
858 1844 917 1914 vel
932 1842 971 1913 in
986 1863 1161 1933 praesens
1178 1848 1318 1913 erectas
1333 1842 1393 1913 vel
1409 1842 1447 1912 in
1463 1849 1651 1933 posterum
1664 1846 1867 1936 erigendae,

373 1966 443 2038 sibi
466 1989 662 2058 aggregare
693 1975 848 2058 queant,
871 1973 1014 2038 etcum
1038 1967 1127 2049 illis,
1151 1967 1306 2038 servatis
1336 1969 1454 2039 forma
1482 1969 1765 2041 constitutionis
1791 1972 1869 2042 Cle-

372 2093 506 2164 mentis
537 2094 606 2162 ΡΡ.
631 2093 715 2164 Vlll
747 2094 964 2165 recolendae
995 2093 1193 2165 memoriae
1217 2093 1517 2165 Praedccessoris
1545 2095 1686 2193 Nostri,
1710 2097 1867 2187 aliisque

371 2215 592 2305 Apostolicis
616 2194 911 2288 ordinationibus
934 2217 1092 2306 desuper
1115 2217 1241 2302 editis,
1264 2217 1513 2308 indulgentias
1540 2240 1669 2290 omnes
1700 2220 1770 2310 ipsi
1795 2223 1867 2292 Pri·

372 2341 489 2413 mario
514 2342 624 2431 Operi
648 2364 671 2412 a
695 2343 789 2413 Sede
813 2341 1025 2432 Apostolica
1048 2362 1242 2413 concessas
1265 2362 1361 2431 quae
1385 2362 1468 2413 cum
1493 2341 1574 2413 aliis
1601 2345 1864 2417 communicari

370 2443 527 2557 possint,
550 2467 717 2538 similiter
739 2468 1009 2539 communicare
1040 2466 1137 2538 licite
1168 2467 1279 2537 etiam
1312 2467 1470 2538 valeant.
1495 2467 1743 2540 Deceruentes
1766 2492 1869 2560 prae-

371 2596 494 2663 sentes
518 2591 673 2663 Litteras
697 2583 851 2663 Nostrae
881 2591 1027 2678 firmas,
1051 2591 1194 2662 validas
1217 2598 1328 2682 atque
1363 2592 1528 2663 efficaces
1562 2614 1708 2683 semper
1730 2601 1866 2682 extare,

371 2737 533 2806 suosque
556 2717 686 2806 plenos
709 2721 820 2806 atque
844 2717 1007 2806 integros
1037 2716 1189 2786 effectus
1220 2715 1342 2786 sortiri
1373 2722 1483 2805 atque
1507 2718 1694 2804 obtinere,
1718 2719 1865 2810 illisque

371 2843 418 2912 ad
441 2862 536 2931 quos
558 2842 751 2930 pertinent,
775 2840 852 2911 sive
875 2841 913 2910 in
935 2845 1125 2930 posterum
1150 2845 1321 2930 spectare
1345 2845 1532 2930 poterunt,
1555 2844 1770 2932 plenissime
1793 2847 1868 2916 sul-

369 2965 520 3055 lragari3
544 2964 670 3054 sicque
684 2964 753 3035 rite
769 2963 1007 3036 iudicandum
1023 2984 1104 3034 esse
1121 2984 1164 3034 ao
1180 2963 1441 3050 definiendum,
1457 2965 1674 3056 irritumque
1694 2972 1731 3039 et
1753 2969 1865 3040 inane

369 3090 458 3178 fieri,
479 3091 510 3162 si
534 3111 641 3162 secus
664 3111 775 3180 super
798 3090 856 3160 bis
872 3111 895 3160 a
911 3090 1052 3178 quovis,
1069 3089 1233 3179 qualibet
1248 3081 1475 3176 auctoritate,
1493 3091 1652 3163 scienter
1666 3093 1743 3164 sire
1767 3094 1867 3184 igno

368 3221 501 3302 ranter,
524 3214 695 3286 attentari
718 3215 920 3305 contigerit.
944 3215 1027 3284 Non
1051 3214 1285 3286 obstantibus
1308 3215 1502 3286 contrariis
1525 3217 1831 3308 quibuscumque.

472 3341 607 3412 Datum
631 3341 770 3412 Romae
794 3341 893 3429 apud
918 3340 953 3410 S.
966 3340 1116 3411 Petrum
1132 3341 1203 3410 sub
1226 3341 1364 3412 annrdo
1388 3340 1596 3430 Piscatoris,
1620 3343 1679 3413 die
1702 3364 1780 3414 xvrr
1799 3345 1868 3416 Fe-

368 3465 506 3537 bruarii
529 3484 672 3551 ncuxrr,
696 3463 937 3536 Pontificatus
961 3463 1084 3535 Nostri
1108 3485 1207 3534 anno
1230 3486 1341 3535 nono.

1323 3607 1365 3676 R.
1391 3605 1503 3678 Cano.
1528 3607 1659 3678 Munna
1680 3631 1750 3680 orn
1775 3611 1867 3698 Vm,

471 3735 509 3804 L.
534 3736 578 3824 ὦ
602 3733 637 3806 S.
1403 3755 1428 3802 o
1451 3735 1600 3804 Socratis
1623 3735 1757 3806 Statua

943 4087 1275 4174 EPISTOLAE.

1099 4267 1131 4349 l.

366 4449 414 4498 Ab
436 4450 469 4498 R.
494 4448 528 4497 D.
553 4448 584 4496 P.
608 4445 783 4498 molstum
806 4447 937 4512 ΥΔΒΔΒ,
961 4445 989 4496 Β.
1012 4447 1049 4511 1.,
1072 4447 1207 4496 onnam
1231 4446 1426 4497 Ponrnrrcss
1449 4448 1620 4500 cononum
1645 4450 1863 4502 P11-nn‘rnt1-

468 4571 668 4622 submotam
684 4570 970 4637 monumentum,
987 4571 1050 4632 ool
1066 4571 1203 4622 nonme
1220 4570 1506 4623 ntnrflonounm
1522 4573 1667 4640 rabum,
1683 4573 1711 4623 S.
1726 4575 1764 4640 1.,
1781 4576 1864 4626 aba·

468 4694 613 4745 meanto
648 4695 757 4745 PATRI
793 4695 1016 4746 mosenum
1054 4694 1210 4745 cunnvlr
1248 4695 1442 4746 ElellMPLAR
1480 4696 1622 4747 mentm
1660 4698 1707 4748 Du
1743 4699 1861 4750 OPERE

470 4830 488 4866 et
500 4818 759 4871 nrosromws
775 4819 968 4870 ORATIONIS
983 4820 1029 4870 ET
1041 4820 1218 4870 nouounls
1233 4821 1279 4869 bn
1296 4819 1411 4872 SAGRO
1427 4821 1545 4872 conon
1558 4830 1589 4888 tt,
1602 4822 1862 4883 oenomelum

467 4945 604 4996 senlac
627 4943 732 4994 murs
756 4945 793 4994 IN
816 4943 986 4995 annalem
1009 4945 1177 4995 countro.

466 5084 605 5155 Dileote
628 5083 708 5169 Fili,
731 5083 889 5154 salutem
913 5090 949 5155 et
976 5084 1215 5173 apostolicam
1244 5084 1549 5156 benedictionem.
1573 5128 1618 5138 —
1644 5089 1859 5180 Pergratum

363 5211 439 5282 Nos
463 5210 553 5280 scito
577 5207 752 5280 habuisse
774 5207 951 5293 libellum,
971 5229 1082 5298 quem
1097 5208 1211 5279 edidit
1226 5229 1279 5295 ao,
1295 5231 1360 5298 per
1375 5213 1422 5296 te,
1439 5211 1572 5281 obtulit
1587 5211 1742 5284 dilectus
1762 5214 1860 5287 filius

363 5333 669 5405 Bartholomaeus
693 5333 843 5419 Taddei,
868 5333 903 5404 S.
922 5333 952 5403 J.
973 5332 1162 5404 Sacerdos.
1187 5332 1454 5404 Beneficiorum
1480 5333 1576 5404 enim
1603 5335 1717 5408 Nobis
1741 5339 1861 5409 extitit

363 5458 520 5531 nuncius
544 5479 639 5547 quae
664 5457 892 5528 Brasilianae
916 5456 1099 5528 Ecclesiae
1123 5455 1246 5526 attulit
1269 5461 1306 5527 et
1330 5458 1434 5528 affert
1456 5458 1567 5548 pium
1599 5481 1693 5550 opus
1716 5463 1859 5550 Apoato
