4120 6284
360 383 397 440 86
664 388 741 441 Acta
759 387 950 456 Apostolicae
969 386 1066 442 Sedis.
1088 417 1104 426 -
1125 387 1385 442 Commentarium
1409 389 1550 456 officiale.

1701 483 1855 492 ———

361 570 457 641 inter
480 577 651 660 optantes
674 577 804 642 enatae
820 578 918 658 sunt,
935 572 1012 643 sive
1029 574 1077 643 ob
1093 594 1168 643 non
1188 579 1325 644 rectam
1343 573 1472 643 Bullae
1488 571 1724 642 Urbanianae
1746 570 1856 640 inter·

362 694 622 782 pretationem,
646 695 723 766 sive
756 700 897 766 attenta
927 701 1061 766 natura
1084 697 1378 785 praebendarum
1410 695 1624 767 recentioris
1654 693 1858 776 erectionis

361 839 455 908 quae
481 819 769 906 melioramento,
787 821 832 891 de
849 820 984 910 quibus
1000 821 1039 890 in
1054 822 1221 910 praelata
1237 821 1356 908 Bulla,
1372 820 1565 892 admittere
1589 821 1713 890 miuus
1735 818 1860 889 viden-

361 946 431 1012 tur.
457 943 552 1013 Hinc
574 943 712 1013 factum
735 948 791 1014 est
813 950 856 1014 ut
879 944 989 1014 etiam
1013 943 1114 1014 hisce
1138 945 1334 1033 postremis
1368 945 1597 1033 temporibus
1619 964 1734 1026 nova,
1758 942 1859 1012 haud

361 1066 464 1152 levis,
476 1068 725 1139 controversia
747 1074 875 1139 exorta
895 1069 943 1138 sit
958 1069 1149 1140 occasione
1173 1069 1376 1140 vacationis
1399 1069 1629 1159 praebendae
1654 1098 1673 1131 «
1691 1069 1726 1138 S.
1755 1071 1860 1137 Vena

361 1214 425 1261 roc
442 1220 471 1262 ».
498 1193 664 1263 Praestat
687 1194 784 1263 lacta
806 1195 930 1283 paullo
956 1198 1041 1263 ante
1069 1214 1265 1265 resumere.
1291 1194 1398 1264 Anno
1424 1192 1860 1264 189oCan0nieusP0e-

360 1315 595 1387 nitentiarius
612 1317 769 1388 loannes
786 1316 917 1388 llbeier
934 1318 1075 1406 optavit
1098 1319 1346 1407 praebendam
1362 1324 1553 1388 vacantem
1580 1318 1647 1386 «S.
1663 1320 1860 1399 Venerato»,

362 1441 615 1511 transferendo
638 1441 676 1510 in
700 1441 837 1530 ipsam,
861 1441 1052 1512 arbitrario
1086 1447 1228 1527 tamen,
1253 1443 1401 1512 titulum
1425 1447 1462 1512 et
1485 1441 1644 1512 officium
1672 1441 1863 1511 Poeniten-

362 1564 475 1652 tiarii;
499 1572 609 1655 atque
637 1568 848 1654 praebenda
872 1567 1160 1637 Poenitentiaria
1189 1589 1327 1639 vacans
1354 1570 1402 1638 ab
1429 1570 1611 1657 Episcopo
1643 1567 1861 1638 Melevitano

364 1691 542 1761 attributa
564 1692 644 1778 fuit,
667 1693 759 1762 citra
789 1713 1028 1779 concursum,
1053 1692 1241 1763 Canonico
1267 1693 1459 1782 Ciappara,
1483 1693 1546 1782 qui
1570 1693 1669 1762 illam
1701 1698 1865 1781 accepta·

362 1817 425 1885 vit.
450 1816 558 1886 Auno
584 1817 670 1886 1909
694 1818 763 1886 sub
788 1817 846 1887 die
870 1818 891 1886 3
914 1816 1103 1888 Februarii
1129 1817 1338 1888 Canonicus
1361 1818 1492 1889 Ebeier
1516 1818 1612 1887 diem
1647 1839 1860 1907 supremum

364 1942 473 2027 obiit;
498 1947 766 2032 consequenter
792 1943 1003 2032 praebenda
1029 1946 1101 2014 «S.
1132 1947 1285 2014 Veaarac
1301 1945 1475 2014 »iterum
1510 1943 1660 2013 vacavit.
1694 1942 1863 2029 Quatuor

365 2066 540 2137 Canonici
563 2067 797 2156 postularunt
812 2072 854 2136 ut
869 2066 1150 2138 admitterentur
1172 2068 1220 2137 ad
1243 2067 1441 2155 optionem,
1458 2065 1612 2137 scilicet:
1638 2065 1767 2152 crach,
1780 2067 1864 2136 For-

365 2213 480 2278 mosa,
504 2191 656 2277 Milsud,
680 2196 717 2262 et
741 2190 933 2281 Ciappara.
959 2191 1181 2282 Capitulum,
1205 2192 1378 2262 omuibus
1402 2192 1470 2262 rite
1493 2191 1702 2280 perpensiS,
1727 2193 1864 2281 praefa-

364 2322 440 2386 tam
475 2318 723 2405 praebendam
747 2317 972 2388 adiudicavit
996 2317 1184 2388 Canonico
1210 2317 1337 2388 Grech.
1363 2316 1573 2388 Canonicus
1597 2316 1780 2406 Giappara
1801 2339 1864 2406 pu-

364 2449 448 2512 tans
473 2442 700 2513 Canonioum
730 2441 847 2512 Grech
877 2443 956 2512 iure
988 2442 1139 2530 optandi
1170 2442 1271 2513 haud
1294 2463 1403 2530 posse
1431 2442 1502 2512 frui
1526 2443 1574 2511 ob
1598 2463 1672 2511 non
1698 2448 1863 2511 servatas

365 2566 595 2637 conditiones
619 2565 656 2635 in
675 2566 781 2636 Bulla
797 2565 1012 2635 Urbaniana
1031 2570 1200 2651 statutas
1217 2565 1370 2652 obstitit,
1385 2570 1496 2654 atque
1519 2585 1706 2635 recursum
1731 2565 1864 2635 habuit

365 2692 413 2762 ad
438 2691 473 2762 S.
499 2691 537 2762 C.
559 2690 723 2775 Concilii,
747 2712 842 2780 quae
865 2691 974 2760 iussit
996 2713 1073 2760 rem
1096 2691 1196 2779 apud
1220 2689 1368 2760 Curiam
1393 2689 1646 2760 Melevitanam
1671 2689 1863 2760 iudiciario

365 2817 439 2886 ritu
456 2815 662 2904 disceptari.
680 2814 791 2886 Curia
806 2836 892 2884 vero
916 2815 1134 2885 Melevitana
1150 2835 1214 2902 per
1230 2813 1388 2884 iudicem
1412 2815 1620 2903 delegatum
1643 2814 1862 2884 sententiam

365 2941 561 3026 emanavit,
577 2941 613 3010 vi
638 2940 744 3010 cuius
768 2939 954 3010 Canonico
972 2938 1091 3010 Grech
1116 2939 1176 3008 ius
1199 2939 1360 3027 optionis
1383 2938 1614 3008 confirmavit
1636 2939 1706 3008 sub
1737 2939 1796 3009 die
1819 2940 1866 3008 90

367 3066 502 3155 Aprilis
526 3087 583 3137 an.
602 3065 698 3135 1910.
724 3064 820 3135 Huic
844 3064 1047 3135 sententiae
1071 3085 1146 3133 non
1172 3063 1355 3153 acquievit
1379 3062 1589 3134 canonicus
1613 3063 1804 3153 Ciappara,
1827 3071 1865 3134 et

366 3192 413 3261 ad
430 3190 474 3259 H.
493 3190 528 3261 S.
546 3191 586 3260 Τ.
603 3189 826 3278 provocavit.
847 3189 905 3273 At,
920 3188 981 3258 vix
1004 3189 1222 3276 interposita
1245 3187 1501 3277 appellatione,
1518 3186 1727 3258 Canonicus
1744 3189 1863 3260 Greoh

367 3321 534 3386 mortuus
557 3319 622 3385 est.
648 3314 858 3386 canonicus
882 3313 1064 3403 Ciappara
1087 3314 1123 3384 S.
1141 3313 1179 3384 C.
1201 3313 1354 3384 Concilii
1377 3313 1509 3384 iterum
1534 3313 1634 3398 adiit,
1653 3313 1798 3383 instans
1821 3319 1864 3384 ut

366 3440 605 3510 canonicatus
631 3441 702 3508 «S.
728 3441 882 3508 Veneroe
898 3467 928 3524 »‚
942 3439 1063 3509 adhuc
1086 3459 1222 3508 vacans
1242 3439 1290 3507 ob
1306 3458 1382 3507 non
1406 3443 1570 3508 secutam
1594 3438 1782 3526 optionem
1799 3439 1865 3509 Ca·

366 3564 489 3636 nonici
514 3564 642 3649 Grecb,
667 3563 737 3634 sibi
761 3563 947 3653 expratia
980 3564 1216 3633 conferretur.
1243 3563 1316 3632 Sed
1340 3562 1377 3632 S.
1406 3560 1444 3634 C.
1473 3560 1626 3632 Concilii
1649 3581 1775 3651 preces
1800 3563 1865 3633 Ca-

366 3689 490 3759 nonici
513 3688 696 3777 Ciappara
729 3687 869 3772 reiecit,
893 3694 930 3758 et
960 3688 1068 3757 iussit
1101 3687 1270 3757 renovari
1305 3686 1503 3776 optionem.
1536 3685 1629 3756 Cum
1654 3686 1865 3758 Canonicus

366 3813 545 3883 Formosa
575 3833 747 3900 expresse
771 3813 894 3882 fassus
916 3811 1048 3882 fuisset
1070 3811 1163 3881 velle
1187 3811 1234 3880 ab
1257 3810 1407 3898 optione
1431 3809 1625 3896 desistere,
1648 3831 1692 3879 ex
1716 3811 1864 3882 duobus

366 3937 430 4026 qui
464 3940 691 4024 supererant,
715 3935 924 4006 Canonicus
947 3935 1082 4005 Milsud
1116 3957 1139 4004 a
1162 3934 1331 4023 Capitulo
1366 3934 1529 4004 delectus
1563 3940 1629 4004 est.
1655 3933 1865 4006 Canonicus

368 4061 549 4150 Ciappara
580 4061 650 4130 sibi
682 4081 899 4149 persuasum
936 4060 1078 4130 babens
1102 4059 1329 4130 Canonioum
1354 4059 1489 4129 blifsud
1518 4081 1583 4147 per
1614 4057 1785 4130 iniuriam
1816 4062 1865 4130 ad

365 4187 614 4275 praebendam
639 4187 710 4255 «S.
741 4189 895 4255 Venerae
911 4213 929 4249 »
955 4207 977 4254 a
1002 4171 1171 4273 Capi'tulo
1196 4187 1310 4256 luisse
1334 4185 1412 4256 iure
1440 4185 1603 4274 optionis
1626 4185 1792 4272 electum,
1815 4189 1866 4257 ad

366 4312 401 4382 S.
428 4312 558 4382 Sedem
583 4333 772 4382 recursum
804 4311 951 4396 babuit3
976 4317 1012 4381 et
1038 4311 1281 4381 beatissimus
1306 4311 1414 4381 Pater
1436 4332 1515 4381 rem
1544 4311 1630 4380 huic
1655 4311 1690 4380 S.
1715 4311 1755 4380 Τ.
1780 4312 1868 4382 defi·

365 4436 536 4508 niendam
562 4437 754 4507 commisit.

469 4561 552 4632 Rite
576 4561 795 4631 concinnato
820 4561 943 4647 dubio,
960 4562 1211 4631 controversia
1235 4560 1452 4649 proponitur
1475 4560 1680 4630 dirimenda
1703 4561 1867 4632 subhac

365 4687 539 4759 formula:
565 4716 584 4749 a
600 4688 658 4755 Aa
676 4689 885 4772 praebendo
915 4693 1130 4773 nanmcpotc
1154 4726 1173 4739 -
1192 4686 1227 4756 S.
1251 4686 1402 4755 viuum
1418 4725 1437 4738 -
1464 4687 1640 4754 senonico
1665 4686 1864 4772 otappara,

367 4841 385 4875 «
401 4814 455 4880 cal
472 4816 598 4897 polias
623 4813 802 4881 Canonioo
825 4814 978 4896 Mifaad,
1004 4815 1085 4881 turc
1107 4815 1271 4896 optionis,
1294 4815 1341 4880 aa
1365 4815 1580 4897 conserendo
1602 4814 1644 4878 in
1667 4817 1782 4879 cosa?
1799 4839 1816 4874 »

472 4940 569 5022 Qacod
599 4941 725 5007 attinet
748 4940 798 5005 od
819 4941 890 5007 ias.
915 4976 934 4989 -
959 4938 1022 5007 Ius
1046 4935 1207 5026 optionis
1235 4936 1423 5006 definitur:
1448 4935 1506 5005 ius
1529 4936 1733 5024 quoddam,
1757 4935 1866 5006 cuius

366 5063 489 5153 vigore
513 5061 738 5151 antiquiores
763 5061 938 5132 Canonici
962 5063 1152 5152 gradatim,
1168 5062 1317 5150 propria
1341 5060 1492 5130 dimissa
1515 5061 1736 5149 praebenda,
1752 5059 1865 5130 aliam

366 5192 568 5271 vacantem,
593 5208 687 5276 quae
716 5192 901 5257 reservata
923 5187 1081 5271 nonsit,
1106 5187 1202 5256 intra
1225 5192 1364 5256 certum
1396 5192 1543 5274 tempus
1568 5184 1698 5274 eligere
1722 5190 1759 5255 et
1781 5206 1868 5255 con·

366 5311 471 5402 sequi
494 5312 628 5381 valent.
654 5311 706 5380 Ex
730 5333 804 5400 qua
827 5310 1050 5395 delinitione,
1074 5331 1168 5400 quae
1193 5309 1400 5381 communis
1423 5316 1479 5380 est
1512 5309 1607 5379 inter
1631 5308 1865 5394 Canonistas,

367 5435 465 5523 apud
490 5436 526 5505 S.
544 5434 582 5505 C.
600 5433 763 5513 Concilii,
788 5439 824 5505 et
847 5434 958 5503 etiam
982 5434 1081 5522 apud
1104 5433 1149 5502 Η.
1167 5433 1202 5503 S.
1220 5434 1272 5516 T,
1295 5433 1436 5504 eruitur
1458 5432 1643 5521 optionem
1670 5453 1745 5501 non
1770 5453 1866 5501 com·
