4038 6274
393 501 447 560 100
704 505 780 562 Acta
799 505 990 574 Apostolicae
1009 505 1104 562 stae.
1125 535 1141 546 -
1164 505 1424 562 Commentartam
1445 506 1586 574 officials.

496 691 530 782 b)
554 691 686 777 Quoad
710 690 885 762 articulos
909 712 1131 781 perpensum
1158 697 1233 763 est:

498 815 556 886 Ad
578 815 606 886 I.
630 855 651 868 -
676 815 781 886 Circa
804 815 1049 906 ignorantiam
1073 817 1208 887 Mariae
1232 815 1326 887 Reid
1349 817 1394 886 de
1414 816 1677 906 impedimento
1701 816 1885 888 dirimente

393 941 445 1010 nil
467 939 555 1011 novi
578 939 782 1026 deducitur,
805 941 877 1012 nisi
899 942 1120 1030 probaretur
1150 940 1285 1013 invicte
1316 963 1474 1012 errorem
1503 941 1543 1011 in
1570 941 1712 1013 Acirice
1735 963 1775 1013 se
1798 944 1887 1014 refu·

393 1065 493 1136 disse
516 1064 556 1134 in
579 1064 825 1136 substantiam
850 1069 977 1151 actus3
1001 1066 1068 1136 sed
1091 1065 1164 1137 huc
1186 1087 1263 1136 non
1285 1071 1430 1154 spectat
1451 1065 1612 1154 expetita
1641 1066 1832 1154 probati03
1854 1073 1888 1138 et

392 1195 584 1278 praeterea
605 1194 744 1261 certum
761 1194 818 1260 est
834 1188 985 1260 Mariam
1008 1189 1102 1260 Reid
1125 1211 1328 1279 numquam
1346 1189 1515 1280 alligasse
1538 1211 1648 1260 suum
1668 1211 1886 1261 consensum

274 1319 278 1328 '
392 1315 442 1384 ad
463 1313 561 1384 hanc
583 1313 711 1404 sponsi
734 1313 948 1403 qualitatem
972 1314 1112 1386 sedicet
1134 1314 1234 1404 quod
1250 1313 1299 1385 sit
1313 1313 1542 1404 baptizatus;
1566 1315 1668 1386 iassa
1690 1314 1789 1386 enim
1811 1315 1889 1405 ipsa

394 1442 469 1508 est:
494 1464 514 1502 s
530 1439 690 1522 Naana
713 1441 765 1506 mi
786 1441 985 1508 eatrd‘mai
1002 1460 1071 1524 per
1096 1441 1134 1507 ta
1156 1442 1300 1525 aaa„

497 1563 555 1633 Ad
578 1561 623 1632 ll.
648 1601 668 1615 -
694 1561 801 1633 Circa
817 1583 983 1633 errorem
1007 1562 1071 1652 qui
1094 1561 1252 1651 irrepere
1275 1562 1458 1652 potuisset
1480 1563 1519 1633 in
1539 1563 1726 1654 petitione,
1745 1584 1890 1634 conces·

393 1686 508 1772 sione,
525 1691 590 1756 aut
613 1685 852 1757 adnotatione
877 1685 1176 1775 dispensationis
1191 1691 1317 1757 tantm
1341 1692 1378 1758 et
1399 1692 1476 1756 tam
1500 1688 1651 1758 sedulae
1671 1687 1788 1758 iactae
1804 1692 1890 1758 sunt

392 1809 652 1901 inquisitiones
676 1815 712 1880 et
734 1809 946 1900 diligentiae
961 1809 1000 1880 in
1017 1811 1196 1881 anteactis
1212 1810 1409 1895 instantiis,
1423 1817 1467 1881 ut
1483 1812 1593 1881 modo
1608 1812 1743 1883 nedum
1761 1816 1891 1902 agatur

392 1936 438 2006 de
460 1935 614 2005 articulo
628 1957 702 2004 twa
717 1956 815 2019 aava,
833 1934 899 2004 sed
915 1934 961 2003 de
975 1954 1015 2004 re
1032 1934 1124 2004 adeo
1141 1933 1354 2024 perquisita,
1369 1931 1545 2005 ut‘novos
1560 1935 1762 2024 producere
1778 1940 1890 2005 testes

391 2059 512 2130 visum
537 2059 586 2129 sit
607 2063 755 2147 tempus
770 2065 898 2144 terere,
915 2063 952 2128 et
967 2057 1146 2129 inutiliter
1160 2063 1274 2129 testes
1298 2064 1334 2129 et
1350 2058 1507 2130 iudicem
1531 2059 1653 2148 ipsum
1672 2079 1819 2143 vexare,
1834 2057 1891 2129 cui

391 2183 600 2254 invocanda
621 2186 679 2254 est
695 2183 837 2273 Regula
853 2182 948 2254 Iuris
965 2182 1003 2252 in
1023 2183 1080 2268 Vl,
1095 2183 1238 2254 XXXI:
1265 2210 1283 2247 «
1296 2186 1393 2253 Eam
1414 2187 1479 2271 qai
1494 2187 1610 2255 certus
1631 2187 1682 2253 est
1703 2187 1893 2254 certiorari

394 2337 412 2373 ‹
427 2312 583 2378 aitertm
605 2329 681 2378 non
704 2313 850 2396 oportet
863 2336 894 2378 ».
918 2307 1000 2378 Stat
1023 2307 1121 2379 enim
1138 2308 1275 2378 iactum
1292 2309 1393 2397 quod
1409 2307 1448 2376 in
1462 2307 1556 2378 libro
1573 2307 1890 2396 dispensationum

392 2431 717 2502 matrimonialium
740 2431 871 2502 Curiae
889 2431 1126 2501 Baltimoren.
1144 2432 1214 2502 sub
1230 2451 1329 2501 anno
1347 2432 1444 2516 1887,
1460 2431 1553 2503 haec
1571 2432 1684 2502 verba
1699 2431 1889 2522 leguntur:

393 2585 411 2622 «
428 2561 495 2628 Die
519 2563 564 2627 18
586 2559 804 2644 septembris,
826 2559 892 2626 aab
911 2580 947 2626 n.
965 2561 1192 2643 radpertus
1208 2559 1290 2627 Rev.
1309 2558 1481 2643 Ciropolis,
1499 2559 1672 2626 residente
1693 2561 1737 2626 ta
1765 2560 1891 2627 Waeb-

393 2710 411 2746 «
428 2686 564 2770 inptoa,
591 2703 755 2752 concessa
777 2685 850 2768 fait
873 2684 1095 2767 dispcrwcdm
1124 2683 1356 2768 disparitatis
1383 2684 1500 2751 cattam
1517 2703 1588 2766 pro
1609 2684 1720 2769 Mary
1743 2684 1838 2752 Reid
1860 2686 1891 2750 et

394 2834 412 2871 «
428 2809 596 2888 Fredsrtc
618 2808 774 2876 Parkast
787 2834 818 2875 ».
837 2805 945 2893 Quod
969 2827 1013 2876 eo
1038 2804 1173 2876 certius
1196 2809 1263 2890 est,
1279 2805 1367 2894 quia
1390 2805 1462 2875 alia
1484 2805 1663 2893 exempla,
1680 2826 1744 2876 seu
1766 2805 1894 2894 potius

393 2934 564 3018 excerpta
594 2951 661 3000 seu
685 2933 916 3017 transumpta
946 2929 1112 3000 eiusdem
1141 2930 1331 3014 formulae,
1355 2929 1508 2999 omnino
1537 2950 1619 3000 cum
1649 2950 1693 3000 ea
1723 2929 1894 3019 originali

391 3054 619 3125 concordant
642 3056 761 3142 quoad
782 3055 1034 3140 abstentiam,
1059 3073 1127 3123 nec
1151 3051 1321 3123 differant
1344 3052 1416 3123 nisi
1440 3053 1564 3142 quoad
1591 3053 1835 3123 accidentalia
1858 3058 1895 3124 et

389 3179 539 3269 quidem
555 3179 750 3250 levissima.
766 3177 954 3267 Quidquid
970 3177 1081 3268 igitur
1096 3178 1346 3267 respondeant
1360 3176 1540 3266 propositi
1555 3181 1669 3248 testes
1682 3177 1727 3247 de
1739 3177 1895 3247 nomine

390 3301 607 3374 Cancellarii
622 3322 688 3390 pro
705 3322 804 3371 anno
819 3301 916 3385 1887,
932 3300 978 3371 de
994 3301 1076 3371 eius
1092 3299 1350 3384 sollicitudine,
1363 3300 1407 3369 de
1424 3298 1651 3370 conservatis
1667 3299 1725 3369 vel
1741 3299 1896 3369 amissis

389 3427 580 3516 scripturis
596 3428 644 3496 ad
659 3432 890 3515 praesentem
911 3447 1060 3497 causam
1085 3425 1258 3510 relativis,
1274 3425 1320 3495 de
1344 3446 1416 3496 usu
1431 3428 1521 3494 tunc
1536 3423 1682 3514 vigente
1706 3423 1744 3493 in
1764 3431 1894 3512 peten-

388 3552 457 3639 dis,
473 3549 729 3637 concedendis,
745 3555 782 3621 et
804 3550 1026 3620 adnotandis
1047 3549 1396 3639 dispensationibus,
1412 3554 1449 3619 et
1465 3550 1510 3619 de
1526 3549 1609 3619 aliis
1632 3549 1783 3638 punctis
1809 3570 1895 3638 pro-

389 3675 531 3765 positis,
555 3680 591 3746 et
613 3675 698 3745 licet
728 3675 946 3764 probaretur
977 3695 1054 3744 non
1085 3674 1247 3745 defuisse
1274 3673 1534 3764 negligentiam
1565 3673 1603 3742 in
1631 3672 1830 3743 scribendo
1859 3679 1896 3743 et

389 3801 643 3871 conservando
668 3799 833 3888 praefato
856 3798 961 3884 libro,
978 3799 1071 3870 haec
1094 3798 1221 3869 omnia
1244 3800 1291 3869 ad
1315 3819 1500 3869 summum
1525 3819 1602 3869 non
1625 3797 1898 3869 constituerent

389 3924 459 3995 nisi
476 3924 629 3995 dubium
654 3930 783 3996 contra
806 3922 1062 3995 auctoritatem
1087 3923 1199 3994 huius
1223 3923 1327 3994 libri:
1352 3944 1426 4012 quo
1450 3923 1560 3992 etiam
1584 3922 1741 4011 probato
1765 3921 1895 4006 dubia,

389 4049 563 4120 standum
587 4054 686 4119 esset
708 4070 775 4137 pro
804 4048 928 4118 valore
949 4054 1066 4118 actus.
1091 4086 1110 4100 ·
1136 4048 1210 4118 Nec
1233 4049 1358 4118 dicant
1381 4046 1532 4117 Patroni
1564 4047 1690 4117 forsan
1714 4067 1760 4117 ex
1785 4047 1898 4117 novis

389 4173 689 4244 attestationibus
712 4173 860 4262 probari
884 4193 1004 4261 posse,
1029 4172 1181 4260 petitam
1197 4172 1312 4242 fuisse
1328 4173 1562 4242 solummodo
1579 4171 1698 4242 aDt'lo
1716 4170 1898 4261 Chapelle

389 4297 703 4387 dispensationem
727 4301 863 4368 maiae
885 4300 1096 4384 reticioais:
1124 4319 1211 4366 nam
1246 4296 1330 4367 licet
1363 4296 1435 4366 hoc
1465 4296 1793 4380 demonstraretur,
1817 4316 1895 4366 non

389 4421 474 4492 inde
497 4426 713 4510 sequeretur
735 4442 947 4492 concessam
986 4421 1102 4492 luisse
1137 4423 1382 4490 tantammodo
1409 4419 1723 4508 dispensationem
1756 4424 1898 4488 mistae

387 4549 599 4634 caliptoais:
622 4545 680 4616 his
703 4544 802 4616 enim
826 4546 864 4616 in
888 4545 1113 4634 regionibus,
1137 4544 1185 4613 ad
1208 4543 1384 4614 maiorem
1420 4543 1611 4628 cautelam,
1637 4543 1719 4613 loco
1754 4543 1896 4630 petitae

387 4673 670 4756 dispensationis
692 4673 829 4740 mistae
849 4673 1045 4757 retipionts,
1070 4669 1268 4758 aliquando
1293 4668 1505 4739 conceditur
1527 4666 1754 4756 dispensatio
1780 4685 1898 4756 super

387 4797 604 4882 disparitate
619 4800 745 4882 muas,
761 4795 849 4884 quia
863 4794 1038 4866 nimirum
1056 4815 1167 4882 saepe
1184 4793 1333 4883 saepius
1349 4793 1493 4864 difficile
1509 4793 1753 4866 demonstrari
1769 4799 1900 4883 potest

388 4926 529 5009 partem
553 4941 634 4990 esse
657 4921 899 5010 baptizatam3

491 5043 549 5114 Ad
572 5045 634 5114 lll.
654 5046 828 5115 -Eadem
852 5043 1136 5130 animadversio,
1160 5044 1261 5133 quod
1285 5065 1418 5150 nempe
1436 5072 1454 5107 «
1471 5047 1536 5131 qai
1559 5047 1675 5114 certus
1696 5047 1746 5113 cst
1771 5048 1897 5114 certio-

388 5195 406 5232 «
422 5173 506 5238 rari
527 5171 682 5238 atterius
699 5191 773 5240 noa
788 5173 921 5254 oportet
936 5195 967 5254 »,
984 5168 1072 5239 iacit
1087 5169 1135 5238 ad
1151 5169 1222 5239 hoc
1239 5174 1351 5256 ceput
1366 5166 1502 5256 petitae
1518 5166 1792 5254 instructionis3
1806 5168 1898 5258 quia

386 5293 648 5364 instructiones
669 5315 764 5383 quae
779 5293 870 5364 inibi
887 5292 965 5364 fieri
983 5299 1242 5383 proponuntur
1265 5314 1347 5364 cum
1373 5292 1596 5363 sufficienter
1619 5293 1790 5382 expletae
1807 5293 1895 5377 sint,

385 5419 488 5489 nulla
507 5419 658 5510 affulget
682 5440 767 5507 spes
790 5418 929 5508 aliquid
953 5418 1040 5489 novi
1065 5418 1271 5508 detegendi.
1296 5417 1405 5503 Quod
1428 5422 1553 5488 autem
1577 5416 1765 5507 irrepserit
1791 5439 1897 5490 error

385 5542 425 5612 in
457 5543 749 5632 transcriptione,
774 5549 811 5613 at
839 5547 969 5612 notata
998 5542 1108 5613 fuerit
1140 5541 1365 5631 dispensatio
1397 5545 1629 5628 disparitatis
1658 5545 1779 5611 mattas
1807 5542 1894 5614 loco
