4038 6274
372 442 425 500 118
677 445 754 500 Acta
772 443 962 512 apostoticae
981 441 1078 500 sadra
1099 470 1117 482 -
1138 442 1398 497 Commentariam
1419 442 1559 509 officiata.

375 659 393 695 «
410 629 595 720 posterius
618 630 665 699 ad
688 629 875 714 familiam,
899 629 1036 699 nemini
1061 630 1106 699 de
1129 629 1200 698 hac
1220 649 1259 698 re
1282 629 1446 698 locutum
1478 648 1605 697 esse».
1639 627 1741 712 Quae
1772 627 1860 696 ratio

373 741 505 845 agendi
529 755 646 839 testis,
669 754 797 844 utique
832 775 908 823 non
943 760 1000 824 est
1033 753 1241 839 laudanda;
1266 754 1332 823 sed
1355 757 1411 823 est
1434 753 1472 822 in
1495 752 1656 822 themate
1679 751 1862 822 notatione

374 881 526 969 dignum
550 880 650 968 quod
674 880 711 948 in
747 884 826 949 tota
849 879 919 950 hac
942 899 1055 948 causa
1093 878 1153 948 hic
1184 877 1394 947 dominatur
1421 898 1553 948 sensus
1584 877 1623 946 in
1653 875 1808 946 testibus
1830 881 1864 944 et

373 1003 411 1073 in
435 1003 613 1093 partibus,
637 1026 769 1093 nempe
792 1003 903 1073 timor
937 1003 1107 1073 laedendi
1143 1004 1321 1072 honorem
1349 1000 1568 1071 familiarum
1594 1000 1797 1090 principum
1820 999 1864 1068 de

373 1130 509 1218 quihus
533 1151 592 1200 res
616 1136 673 1199 est
696 1129 734 1198 in
758 1128 938 1199 hodierno
969 1127 1116 1211 iudicia,
1141 1127 1171 1196 si
1194 1128 1328 1197 veritas
1360 1127 1500 1215 absque
1529 1126 1748 1216 amhagibus
1769 1126 1865 1194 dete

372 1261 488 1344 gatur.

479 1379 624 1465 Quibus
659 1380 831 1450 omnibus
866 1379 995 1449 sedulo
1030 1377 1232 1467 perpensis
1257 1376 1390 1446 Christi
1414 1377 1565 1447 nomine
1588 1377 1768 1459 invocato,
1793 1374 1866 1444 Nos

373 1503 596 1592 infrascripti
621 1503 827 1589 AuditoreS,
843 1523 909 1591 pro
926 1500 1116 1571 Tribunali
1141 1501 1311 1571 sedentes
1327 1507 1364 1571 et
1379 1500 1499 1571 solum
1515 1501 1632 1570 Deum
1648 1520 1736 1588 prae
1752 1497 1867 1568 oculis

372 1628 564 1712 hahentes
588 1627 831 1712 decernimus
855 1626 1085 1698 declaramus
1108 1631 1144 1695 et
1167 1623 1353 1695 definitive
1377 1625 1655 1709 sententiamuS‚
1679 1621 1868 1711 proposito

373 1753 487 1823 dubio
511 1752 799 1841 respondentes:
816 1754 1035 1838 Affirmatice
1049 1770 1132 1820 seu:
1152 1751 1321 1820 Constare
1336 1753 1379 1818 de
1394 1753 1619 1820 matrimonii
1637 1751 1808 1818 nullitate
1828 1751 1869 1815 in

372 1899 471 1946 caea.
503 1877 694 1965 Expensas
725 1880 849 1946 autem
880 1874 1069 1945 iudiciales
1100 1875 1147 1944 ah
1178 1873 1321 1944 Actrice
1344 1873 1607 1944 substinendas
1636 1892 1717 1942 esse
1748 1872 1870 1941 decer-

373 2001 507 2072 nimus,

481 2126 536 2196 lta
559 2125 865 2215 pronunciamus
892 2125 1111 2195 mandantes
1135 2123 1338 2195 Ordinariis
1361 2123 1524 2194 locorum
1550 2129 1586 2193 et
1610 2121 1788 2192 Ministris
1809 2120 1872 2189 tri-

374 2250 577 2336 bunalium,
603 2252 650 2321 ad
673 2272 768 2341 quos
784 2255 935 2340 spectat,
951 2256 992 2320 ut
1008 2250 1214 2321 executioni
1231 2250 1407 2319 mandent
1421 2249 1518 2318 hanc
1533 2253 1697 2318 nostram
1714 2245 1873 2316 definiti-

375 2397 458 2445 vam
483 2376 715 2462 sententiam,
732 2381 769 2446 et
784 2376 960 2446 adversus
977 2375 1199 2444 reluctantes
1215 2374 1416 2462 procedant
1430 2374 1478 2443 ad
1494 2393 1661 2442 normam
1680 2390 1873 2440 sacrorum

376 2520 571 2586 canonum,
592 2508 629 2571 et
651 2499 866 2590 praesertim
890 2522 968 2586 cap.
988 2505 1022 2584 3,
1038 2501 1130 2569 Scae.
1153 2502 1266 2584 XXV,
1292 2497 1402 2568 Cone.
1431 2497 1602 2581 Trident,
1626 2495 1672 2564 iis
1696 2493 1874 2565 adhibitis

373 2625 575 2698 executivis
599 2631 636 2696 et
659 2625 863 2696 coercitivis
887 2623 1029 2709 mediis,
1053 2643 1148 2712 quae
1173 2624 1290 2712 magis
1321 2623 1480 2694 efficacia
1503 2627 1541 2692 et
1562 2625 1774 2710 opportuna
1806 2640 1874 2708 pro

371 2772 493 2821 rerum
520 2751 702 2822 adiunctis
727 2750 886 2820 extitura
909 2749 992 2820 sint.

475 2915 625 2999 Romae,
649 2914 687 2983 in
712 2914 798 2984 sede
822 2877 1032 2982 Tribunalis
1057 2912 1092 2983 S.
1109 2913 1151 2982 R.
1170 2913 1297 2998 Rotae,
1314 2913 1372 2982 die
1395 2913 1417 2981 t
1441 2911 1536 2982 lunii
1562 2910 1659 2979 1911.

1217 3144 1370 3214 Michaet
1394 3145 1500 3234 Lege,
1526 3145 1693 3212 Deouana
1716 3145 1874 3226 Paneas,

1218 3269 1421 3338 Guilelmus
1446 3265 1712 3338 Sebastianelli.

1218 3393 1447 3482 Seraphinus
1471 3392 1589 3478 Many.

1216 3517 1435 3588 Franciscus
1460 3516 1606 3586 Heiner.

1217 3644 1376 3713 loannes
1401 3642 1514 3712 Prior.
1643 3677 1654 3699 ·

1219 3766 1381 3836 Aloisius
1406 3766 1565 3836 Sincera.

1216 3890 1348 3979 loseph
1373 3889 1473 3960 Mori.

1217 4016 1423 4087 Fridericus
1448 4013 1603 4085 Gattani.

1216 4140 1400 4211 Antonius
1424 4139 1659 4210 Perathoner.

1216 4267 1396 4355 Iosephus
1421 4263 1570 4333 Alherti.

1217 4393 1348 4462 Petrus
1372 4389 1544 4460 Rossetti.

469 4579 541 4643 Sao.
563 4577 751 4642 Tancredes
772 4573 868 4650 Tani,
890 4575 1065 4636 Notarius.
