4038 6274
379 398 416 456 lB
695 403 772 458 Acta
789 402 979 470 Apostolicoe
998 402 1095 460 Sedis.
1116 431 1133 442 -
1154 403 1414 460 Commentarium
1435 399 1577 470 officiolo.
1654 471 1658 480 Ι

380 609 403 656 a
425 609 625 678 quoquam,
641 589 772 679 quavis
792 588 1021 672 auctoritate,
1045 588 1202 660 scienter
1226 590 1283 660 vel
1305 590 1525 680 ignoranter,
1549 589 1739 680 contigerit
1763 594 1874 660 atten-

380 712 466 782 tari:
501 734 577 782 non
611 712 846 783 obstantibus
870 713 1204 810 Constitutionibus
1239 719 1276 785 et
1311 713 1617 786 Ordinationibus
1647 714 1875 803 Apostolicis

381 835 491 906 etiam
516 835 664 925 speciali
688 842 726 907 et
748 835 939 908 individua
964 837 1148 907 mentione
1172 857 1215 908 ac
1239 837 1478 928 derogatione
1512 837 1651 928 dignis,
1675 839 1876 929 ceterisque

381 959 554 1031 omnibus
577 961 615 1030 in
639 960 862 1032 contrarium
886 961 1106 1032 facientibus
1130 962 1366 1052 quibuslibet.

484 1085 620 1156 Datum
644 1086 785 1157 Romae
808 1087 908 1174 apud
932 1086 968 1157 S.
986 1089 1135 1158 Petrum
1160 1088 1229 1158 sub
1253 1087 1393 1158 annulo
1411 1087 1620 1175 Piscatoris,
1636 1087 1695 1159 die
1718 1108 1809 1156 xxix
1824 1088 1877 1157 la-

380 1209 499 1280 nuarii
524 1230 728 1295 uncceexu,
753 1209 994 1281 Pontificatus
1018 1211 1143 1282 Nostri
1167 1233 1265 1282 anno
1289 1233 1400 1282 nono.

1338 1373 1380 1441 R.
1406 1371 1518 1442 Ceno.
1543 1373 1674 1442 Munnr
1696 1392 1766 1441 neu
1790 1373 1879 1457 Vsu,

486 1496 524 1566 L.
549 1497 592 1584 ᾖ
617 1495 653 1566 S.
1420 1520 1446 1566 o
1469 1499 1618 1568 Smrctia
1640 1495 1788 1567 Statua

853 1998 857 2010 ,
966 1905 1300 1992 EPISTOLAE.

1117 2121 1149 2203 Ι.

383 2301 431 2350 ΑΒ
454 2300 618 2350 Iacobum
649 2299 753 2351 cleb.
779 2301 953 2365 GIBBON8‚
977 2299 1302 2350 esuritioni-:nemu
1325 2299 1655 2364 Ancfflnetscoruu,
1679 2301 1726 2349 ele
1751 2301 1884 2351 GATHO·

486 2425 568 2475 mes
593 2424 805 2475 STUDIORUM
828 2424 1168 2476 WASHINGTONINNSI
1191 2424 1464 2475 belvacenses.

487 2580 626 2654 Dilecto
642 2581 710 2652 Nili
727 2584 870 2667 Noster,
886 2583 1043 2652 salutem
1068 2586 1104 2652 et
1124 2582 1364 2670 apostolicam
1389 2582 1693 2652 benedictionem.
1709 2623 1754 2632 -
1770 2583 1886 2653 Plane

383 2737 452 2787 nec
467 2718 611 2804 praeter
626 2708 838 2797 opinionem
855 2727 923 2777 nec
938 2712 1081 2795 praeter
1098 2726 1199 2795 spem
1225 2705 1438 2776 acciderunt
1461 2706 1601 2777 maiora
1616 2705 1655 2775 in
1670 2706 1750 2776 dies
1771 2707 1888 2777 incre-

385 2845 510 2912 menta
532 2836 639 2907 istius
663 2832 864 2905 catholicae
888 2831 1092 2902 studiorum
1111 2830 1380 2914 Universitatis,
1397 2851 1492 2920 quae
1509 2830 1830 2920 Washingtoniae,
1849 2833 1886 2901 in

354 3029 357 3036 .
385 2966 476 3036 urbe
501 2961 785 3032 Foederatarum
809 2956 997 3027 Americae
1019 2955 1216 3026 Civitatum
1242 2955 1415 3044 principe,
1439 2955 1702 3026 catholicorum
1728 2955 1889 3025 excitata

385 3090 478 3180 stipe
495 3094 531 3159 et
547 3088 594 3157 ab
611 3082 822 3173 Apostolica
839 3081 933 3152 Sede
951 3081 1051 3151 omni
1069 3087 1176 3151 aucta
1196 3080 1275 3151 iure
1299 3079 1473 3170 legitimo,
1486 3079 1622 3150 ibidem
1643 3079 1835 3151 doctrinae
1852 3081 1889 3150 in

385 3213 485 3286 omni
501 3211 706 3282 divinarum
723 3212 761 3278 el
776 3208 1021 3276 humanarum
1039 3205 1275 3276 scientiarum
1291 3225 1424 3294 genere
1439 3225 1571 3295 magna
1587 3225 1720 3293 parens
1735 3205 1890 3275 assidet.

387 3341 584 3426 Perspecto
606 3334 703 3405 enim
727 3332 799 3403 lide
822 3336 859 3402 et
882 3329 1134 3402 munificentia
1156 3329 1420 3401 catholicorum
1446 3351 1490 3400 ex
1508 3331 1684 3414 America,
1700 3331 1806 3400 nulla
1823 3331 1892 3399 No·

384 3461 443 3532 bis
478 3460 597 3530 iuerat
621 3455 801 3528 dubitatio
836 3453 938 3543 quin,
962 3453 1091 3524 iisdem
1128 3453 1391 3539 adnitentibus
1416 3454 1507 3523 illud
1533 3474 1661 3524 recens
1696 3454 1887 3524 conditum

385 3585 606 3659 christianae
630 3581 832 3671 sapientiae
856 3579 1079 3666 domicilium
1105 3577 1208 3648 brevi
1232 3599 1314 3648 eam
1339 3584 1598 3668 assequeretur
1632 3577 1796 3648 nominis
1818 3579 1892 3669 glo

385 3713 489 3798 riam,
512 3715 555 3781 ut
577 3709 671 3779 inter
702 3705 857 3778 clariora
879 3703 1000 3795 gentis
1032 3703 1139 3774 istius
1163 3703 1356 3793 gymnasia
1379 3703 1506 3773 baberi
1530 3707 1666 3791 posset.
1691 3703 1891 3793 Pergratae

384 3843 509 3906 tamen
533 3834 674 3903 litterae
698 3811 847 3900 luerunt
870 3850 963 3918 quas
987 3848 1106 3916 nuper
1130 3827 1243 3898 Nobis
1267 3827 1399 3897 misisti
1423 3827 1535 3898 buius
1558 3828 1610 3896 rei
1633 3827 1799 3912 nuntias,
1812 3849 1890 3898 non

386 3961 506 4031 solum
522 3956 610 4048 quia
634 3954 832 4026 iucundius
856 3952 924 4022 luit
940 3973 985 4022 ex
1009 3951 1146 4040 teipso
1170 3973 1245 4020 rem
1271 3972 1502 4041 cognoscere,
1519 3952 1584 4022 sed
1608 3950 1718 4021 etiam
1743 3950 1835 4040 quia
1853 3949 1892 4020 id

387 4081 612 4156 confirmasti
635 4100 709 4169 quo
733 4077 825 4147 nihil
849 4075 1049 4165 optabilius
1073 4075 1189 4145 Nobis
1213 4081 1307 4161 erat;
1332 4075 1371 4145 id
1394 4081 1450 4146 est
1473 4076 1511 4144 in
1535 4075 1598 4145 illa
1627 4075 1727 4144 alma
1750 4075 1894 4145 studio-

388 4229 469 4278 rum
505 4207 591 4277 sede
615 4202 833 4293 elegantiam
858 4201 1046 4270 doctrinae
1069 4199 1207 4289 optime
1243 4199 1415 4290 coniungi
1443 4220 1525 4270 cum
1550 4199 1634 4269 fidei
1669 4198 1892 4289 integritate,

387 4335 439 4404 ita
461 4337 503 4402 ut
525 4330 574 4400 ad
596 4328 716 4399 bonas
739 4332 847 4409 artes,
871 4346 947 4394 non
971 4323 1095 4394 minus
1118 4346 1230 4414 quam
1253 4325 1301 4395 ad
1325 4324 1549 4414 religionem,
1573 4324 1833 4394 adolescentes
1857 4328 1892 4393 et

386 4455 507 4528 clerici
523 4461 560 4525 et
579 4453 662 4524 laici
686 4452 938 4521 informentur.
963 4451 1029 4520 Est
1052 4449 1161 4539 igitur
1185 4469 1250 4519 cur
1270 4449 1454 4519 exanimo
1477 4450 1713 4539 gratulemur,
1730 4448 1799 4518 tibi
1817 4447 1892 4537 qui-

387 4584 471 4653 dem
494 4581 534 4650 in
556 4578 694 4668 primis,
711 4576 841 4646 dilecte
857 4575 925 4644 Fili
943 4575 1084 4659 Noster,
1101 4573 1207 4645 cuius
1231 4574 1415 4644 sollertiae
1440 4575 1768 4662 providentiaeque
1795 4575 1892 4643 hanc

388 4707 557 4778 ducimus
581 4702 812 4778 tribuendam
836 4699 1043 4771 laetabilem
1080 4720 1200 4769 rerum
1224 4698 1485 4784 conditionem3
1509 4698 1723 4790 tumeliam
1760 4696 1893 4768 ceteris

388 4833 674 4904 Foederatorum
697 4825 886 4896 Americae
912 4824 1108 4895 Civitatum
1140 4824 1353 4913 Episcopis,
1378 4823 1441 4914 qui
1464 4823 1531 4893 tibi
1560 4823 1597 4893 in
1623 4825 1741 4910 Lyceo
1767 4823 1891 4892 mode-

386 4957 504 5028 rando
528 4952 710 5043 egregiam
745 4955 883 5020 navant
907 4969 1075 5038 operam3
1099 4953 1176 5018 tum
1202 4925 1361 5037 denique
1385 4949 1547 5019 eiusdem
1576 4947 1723 5017 Rectori
1752 4967 1796 5018 ac
1820 4947 1888 5016 Dc

387 5081 550 5154 ctoribus
575 5075 796 5166 Collegiatis,
820 5075 976 5163 quorum
1002 5075 1169 5144 doctrina
1192 5095 1234 5144 ac
1258 5074 1447 5162 diligentia
1473 5079 1549 5142 tam
1574 5073 1785 5161 praeclaros
1809 5072 1893 5142 elle

387 5212 474 5277 runt
497 5204 649 5272 fruetus.

489 5327 536 5398 llt
558 5345 646 5394 vero
670 5321 869 5411 quominus
895 5321 1254 5410 Washingtoniensis
1277 5320 1475 5391 Academia
1503 5319 1691 5408 prosperis
1716 5319 1821 5390 omni
1846 5339 1889 5388 ex

387 5461 490 5545 parte
525 5450 636 5521 rebus
659 5451 784 5517 utatur
818 5445 982 5516 officiunt
1016 5446 1136 5515 adhuc
1171 5451 1281 5534 atque
1317 5446 1483 5528 obstant,
1507 5451 1549 5514 ut
1572 5445 1650 5532 ipse
1674 5443 1814 5529 lateriS,
1838 5441 1889 5512 rei
