4038 6274
388 441 441 500 114
694 446 771 501 Acta
788 447 979 515 Apostoltcae
997 447 1095 502 Sedis.
1116 475 1132 486 -
1154 447 1413 502 commentorium
1435 448 1576 514 officiale.

387 634 532 701 cadente
553 636 595 700 to
618 633 836 702 mactantem
850 633 980 715 otram,
1005 634 1042 700 et
1065 631 1136 700 hoc
1160 630 1298 700 directa
1320 651 1364 701 ac
1388 630 1736 700 concludentissima
1758 633 1882 720 proba-

387 754 487 824 tione
511 776 555 825 ex
579 753 672 825 actis
695 752 832 822 firmari
856 752 1003 823 Domini
1035 760 1268 824 censuerunt.
1304 755 1397 824 Nam
1432 759 1693 824 concesserunt
1727 755 1881 841 Domini,

389 877 569 948 Nataliam
593 880 927 947 contumacissimae
956 881 1071 962 fuisse
1093 881 1272 947 naturae:
1299 877 1456 966 ideoque
1486 898 1561 946 non
1586 878 1740 948 cessisse
1770 879 1882 967 patris

387 1000 568 1071 voluntati
592 1022 637 1071 ex
661 1000 817 1088 simplici
849 999 887 1069 in
914 1005 1055 1088 patrem
1090 1005 1191 1071 metu
1221 999 1451 1071 reverentiali
1486 1000 1549 1089 qui
1572 1001 1820 1090 consequitur,
1842 1008 1882 1072 ut

387 1126 506 1195 tenuit
529 1127 626 1196 Rota
648 1125 686 1195 in
716 1129 821 1196 decia.
846 1131 926 1211 105,
953 1149 988 1194 o.
1011 1131 1044 1210 3,
1063 1129 1162 1212 part.
1186 1129 1322 1196 Receot.
1356 1147 1436 1196 «ex
1459 1126 1635 1196 continua
1669 1126 1881 1215 importuni·

389 1279 407 1315 «
424 1256 498 1322 tate
522 1253 636 1339 patris
660 1258 696 1321 et
719 1251 880 1322 assiduis
902 1251 1176 1340 precationibus
1199 1258 1236 1322 et
1258 1244 1584 1341 imprecationibus
1601 1275 1642 1338 »3
1666 1257 1724 1322 ast
1746 1253 1784 1322 in
1806 1254 1883 1323 the-

388 1384 484 1446 mate
507 1377 657 1446 habitus
681 1381 737 1447 est
762 1406 780 1441 «
797 1382 918 1447 metus
941 1398 1127 1465 praesens,
1152 1377 1297 1448 instans
1332 1399 1376 1448 ex
1412 1377 1521 1447 minis
1555 1398 1631 1447 non
1666 1378 1808 1448 difficile
1836 1380 1881 1448 ad

389 1501 562 1571 «exitum
586 1501 817 1590 perventuris
833 1528 864 1586 »‚
880 1504 935 1571 uti
959 1503 1167 1573 considerat
1188 1505 1293 1572 decia.
1318 1510 1393 1588 154,
1417 1524 1453 1572 o.
1477 1509 1508 1586 6,
1523 1507 1623 1590 part.
1641 1505 1731 1572 XIV
1745 1507 1882 1572 hoaut.

387 1626 495 1695 Pater
518 1625 615 1696 enim
640 1626 688 1696 ad
711 1625 985 1696 matrimonium
1011 1627 1124 1696 filiam
1148 1649 1255 1698 suam
1279 1626 1398 1716 coegit
1420 1627 1525 1698 iussu
1549 1628 1731 1712 absoluto,
1747 1629 1881 1718 asperi-

385 1757 461 1821 tate
492 1756 528 1822 et
558 1751 723 1837 saevitia,
757 1751 867 1821 minis
902 1757 1013 1841 atque
1048 1752 1273 1822 verberibus,
1310 1753 1442 1822 Narrat
1475 1752 1677 1824 Baronissa
1711 1753 1881 1824 Fischer:

387 1906 405 1940 «
425 1876 564 1946 Sensus
582 1875 746 1946 Nataliae
770 1897 856 1966 erga
881 1876 1058 1947 Comitem
1085 1877 1174 1946 milri
1198 1876 1277 1946 noti
1301 1882 1415 1962 erant,
1432 1883 1468 1947 et
1484 1876 1573 1947 scivi
1590 1898 1672 1947 eam
1688 1878 1881 1949 consilium

387 2031 404 2065 «
422 2021 530 2070 suum
546 2004 622 2070 tam
646 2001 750 2070 facile
766 2021 842 2070 non
870 2005 1023 2071 mutare.
1049 2001 1141 2072 Cum
1160 1999 1293 2070 Comiti
1312 2001 1434 2091 (patri)
1459 2002 1713 2090 quaestionem
1737 2003 1882 2091 posuis·

387 2153 404 2188 «
422 2146 511 2210 sem,
536 2124 625 2213 quid
649 2124 794 2195 Natalia
817 2125 864 2194 ad
888 2125 1078 2213 sponsalia
1100 2125 1265 2194 dicerett
1288 2145 1447 2214 sequens
1481 2125 1604 2212 accepi
1638 2146 1882 2214 responsum:

386 2279 404 2314 «
422 2257 441 2288 “
460 2250 539 2320 Hoc
555 2271 622 2339 ego
639 2272 662 2320 a
677 2250 753 2319 lilia
768 2270 851 2320 mea
874 2270 950 2320 non
974 2250 1180 2340 interrogo:
1205 2250 1276 2322 hoc
1299 2250 1572 2320 matrimonium
1598 2256 1747 2339 propter
1770 2251 1883 2321 maio-

387 2380 587 2444 «ratum...
611 2375 696 2445 volo
721 2379 831 2464 atque
856 2374 964 2462 cupio
981 2377 1000 2402 ''
1014 2402 1044 2444 ».
1063 2374 1272 2445 ludovicus
1290 2375 1447 2464 Wagner
1469 2374 1599 2445 refert:
1615 2402 1633 2437 ‹
1651 2374 1784 2445 Comes
1800 2375 1882 2444 Em-

387 2529 404 2563 «
422 2499 571 2569 manuel
587 2499 746 2569 clamore
762 2520 896 2590 magno
910 2505 946 2568 et
958 2499 1080 2569 valido
1094 2500 1185 2569 haec
1198 2499 1405 2588 proferebat
1414 2524 1422 2568 :
1431 2505 1450 2536 ‘⁴
1464 2499 1521 2568 Tu
1533 2499 1645 2568 debes
1658 2498 1709 2567 illi
1722 2499 1861 2568 nubere
1873 2524 1880 2579 ;

386 2651 404 2684 «
422 2641 508 2690 nam
533 2625 717 2691 coeterum
741 2627 778 2691 te
810 2620 970 2692 claustro
994 2621 1131 2691 includi
1156 2621 1291 2691 iubebo
1319 2627 1356 2690 et
1379 2621 1618 2690 exhaeredem
1643 2627 1679 2690 te
1703 2620 1834 2690 faciam
1848 2621 1883 2690 '’.

387 2774 405 2810 ‹
423 2745 499 2835 Ego
524 2744 603 2834 ipse
618 2744 694 2814 vidi
718 2749 754 2814 et
778 2744 901 2814 audivi
926 2745 1075 2833 quando
1093 2745 1225 2815 Comes
1242 2743 1353 2814 filiam
1371 2743 1540 2814 cubiculo
1556 2743 1705 2813 inclusit
1719 2749 1756 2813 et
1770 2744 1881 2814 dixit:

384 2898 402 2934 «
420 2877 440 2908 “
457 2869 527 2939 Hic
543 2868 710 2938 manebis
734 2889 897 2958 eousque
921 2869 1010 2939 dum
1034 2869 1197 2940 declares
1209 2875 1245 2938 te
1261 2869 1420 2938 Aladaro
1436 2869 1586 2952 nubere,
1606 2869 1694 2956 quia
1709 2874 1749 2937 tu
1766 2869 1883 2938 debes

384 3022 402 3058 «
419 2993 626 3063 consentire
642 2993 661 3020 ’'
675 3019 705 3060 ».
722 2992 847 3063 Actrix
862 3014 948 3062 vero
965 2993 1087 3062 addit:
1107 3020 1125 3056 «
1142 2993 1251 3062 Pater
1264 3013 1367 3062 meus
1380 2991 1472 3062 dixit
1487 3012 1527 3061 se
1543 2991 1637 3061 velle
1652 3013 1711 3062 me
1723 2992 1760 3061 in
1774 3013 1883 3063 noso-

384 3147 402 3183 «
421 3117 581 3188 comium
605 3116 806 3187 amentium
832 3116 1021 3202 collocare,
1046 3117 1146 3206 quod
1170 3137 1237 3207 ego
1259 3116 1366 3186 valde
1389 3116 1495 3187 timui
1525 3115 1614 3204 quia
1643 3121 1747 3204 pater
1773 3137 1885 3186 meus

385 3270 403 3306 «
419 3241 530 3311 nimis
554 3240 713 3311 crudelis
737 3245 815 3311 erat
832 3269 862 3310 ».
888 3240 991 3326 Quae
1015 3240 1280 3311 confirmantur
1296 3262 1318 3311 a
1332 3241 1490 3310 testibus
1515 3238 1713 3310 Baronissa
1729 3239 1884 3310 Fischer

298 3425 302 3433 .
382 3372 419 3438 et
442 3365 649 3457 Augustino
663 3365 856 3454 Speczian:
873 3365 978 3436 testis
1005 3386 1093 3435 vero
1111 3365 1251 3435 loanna
1269 3363 1556 3450 Szentmikldssy
1580 3364 1626 3434 de
1649 3370 1752 3452 patre
1768 3370 1884 3434 testa-

381 3497 461 3562 tur:
488 3491 606 3580 «lpse
630 3489 728 3562 enim
752 3489 842 3560 mihi
866 3490 959 3560 dixit
982 3512 1021 3561 se
1046 3491 1244 3560 fracturum
1270 3490 1430 3560 cervices
1460 3488 1557 3560 filiae
1588 3509 1677 3560 suae
1708 3489 1738 3558 si
1765 3488 1880 3558 talem

383 3619 601 3687 «fortunam
627 3636 702 3685 non
728 3615 889 3705 arripiat.
915 3614 1129 3685 Verberavit
1151 3637 1299 3705 quoque
1326 3614 1439 3684 filiam
1474 3635 1624 3683 suam...
1647 3614 1878 3683 verberatam

382 3771 400 3806 ‹
419 3762 494 3811 non
516 3740 606 3827 vidi3
631 3740 697 3810 sed
720 3761 743 3810 a
765 3739 1008 3810 familiaribus
1024 3739 1149 3810 audivi
1165 3739 1332 3810 eamdem
1356 3737 1521 3827 colaphis
1545 3758 1691 3808 coesam
1714 3737 1828 3807 fuisse
1847 3767 1881 3808 ».

382 3865 427 3934 ut
448 3863 553 3935 testis
577 3863 786 3934 Ludovicus
810 3863 968 3954 Wagner
990 3863 1113 3933 addit:
1140 3892 1159 3927 «
1177 3864 1253 3952 Ego
1277 3863 1355 3952 ipse
1379 3861 1454 3931 vidi
1477 3861 1711 3932 Comitissam
1734 3883 1759 3932 a
1773 3869 1883 3950 patre

382 4020 400 4055 «
418 4012 485 4061 suo
509 3991 738 4060 verberatam
762 3989 920 4060 fuisse...
945 4010 1021 4059 una
1043 3989 1122 4059 vice
1145 3988 1302 4078 propriis
1330 3987 1447 4059 oculis
1468 3987 1544 4058 vidi
1569 3985 1803 4058 Comitissam
1828 3989 1883 4057 ob

382 4144 400 4180 ‹
417 4116 487 4184 hoc
511 4113 786 4184 matrimonium
810 4135 833 4183 a
856 4113 989 4183 comite
1006 4113 1247 4184 Emmanuele
1264 4114 1494 4183 verberatam
1510 4111 1625 4182 fuisse
1641 4138 1672 4180 ».
1698 4112 1882 4196 Profecto,

379 4241 476 4309 facta
498 4237 711 4310 huiusmodi
727 4236 837 4307 talem
856 4239 1109 4326 praeseferunt
1130 4236 1359 4327 gravitatem,
1385 4241 1425 4305 ut
1447 4235 1486 4305 in
1513 4235 1660 4305 illorum
1676 4241 1881 4323 conspectu

381 4382 484 4432 mens
507 4360 565 4431 vel
584 4360 850 4430 constantioris
865 4359 933 4430 viri
957 4381 1032 4430 non
1054 4360 1238 4449 trepidare
1260 4380 1336 4429 non
1360 4363 1513 4448 poterat.
1538 4358 1634 4427 Hinc
1650 4357 1783 4428 mirum
1799 4380 1877 4428 non

379 4485 558 4575 estquod
582 4490 699 4555 mater
720 4484 874 4555 Actricis
908 4483 1038 4554 litteris
1073 4484 1174 4554 fassa
1197 4483 1245 4553 sit
1269 4511 1287 4547 «
1305 4482 1449 4552 veritati
1473 4481 1623 4552 omnino
1647 4481 1880 4552 concordans

380 4631 507 4694 «esse,
531 4608 689 4692 filiam.‚..
714 4608 939 4678 Nataliam....
964 4612 1155 4678 emortuo
1180 4628 1262 4677 meo
1287 4607 1417 4677 marito
1442 4605 1724 4675 Emmanuele....
1747 4626 1879 4674 revera

380 4741 579 4807 «coactam
605 4756 685 4805 esse
708 4740 751 4804 ut
775 4734 933 4804 Aladaro
1006 4734 1162 4805 nuberet
1177 4757 1215 4819 »3
1239 4739 1276 4804 et
1303 4754 1455 4821 prorsus
1486 4731 1658 4802 credibile
1690 4735 1746 4800 est
1775 4732 1876 4819 quod

377 4861 505 4932 recolit
527 4859 632 4931 testis
656 4861 837 4946 Spmztau
856 4879 1005 4947 nempe:
1024 4887 1042 4923 «
1061 4859 1193 4930 Comes
1216 4859 1434 4929 Emmanuel
1457 4857 1647 4943 Andrassy
1670 4857 1762 4926 haec
1785 4854 1874 4924 mihi

379 5015 397 5051 «
414 4986 526 5056 dixit:
544 4991 565 5023 ‘⁸
580 4985 688 5055 Vide:
712 5005 771 5054 me
794 4984 958 5073 poenitet
976 4984 1076 5073 quod
1099 4983 1208 5053 filiam
1237 5004 1356 5053 meam
1376 4983 1411 5051 vi
1428 4981 1609 5071 coegerim
1625 4981 1784 5050 Aladaro
1807 5001 1877 5049 nu-

378 5139 396 5174 «
414 5111 510 5180 bere:
523 5109 588 5179 sed
600 5129 667 5198 ego
681 5109 819 5178 bonum
831 5107 999 5178 intendi'’
1011 5135 1040 5177 ».
1051 5108 1229 5193 Iamver0‚
1237 5113 1357 5177 metus
1369 5105 1583 5176 huiusmodi
1596 5104 1727 5176 dicitur
1739 5103 1875 5174 cadens

376 5237 414 5305 in
438 5239 667 5305 constantem
690 5233 810 5303 virum
831 5233 877 5303 ad
900 5254 1069 5302 normam
1092 5236 1196 5302 decis.
1221 5237 1298 5316 196,
1314 5237 1522 5318 albateco.
1533 5233 1632 5316 part.
1649 5231 1710 5316 IV,
1737 5233 1759 5298 t.
1784 5230 1819 5314 1,
1842 5231 1875 5296 et

375 5363 479 5430 decia
503 5364 579 5443 516,
604 5381 640 5427 o.
655 5363 687 5443 8,
707 5362 806 5444 port.
835 5361 873 5436 V,
897 5361 919 5426 t.
943 5358 991 5428 II.
1016 5359 1151 5427 Receol.

479 5483 576 5554 Sane
600 5482 647 5551 ad
676 5481 950 5552 matrimonium
985 5479 1188 5550 ineundum
1224 5501 1269 5550 ex
1305 5481 1386 5568 ipsa
1420 5477 1472 5549 rei
1508 5483 1642 5547 natura
1675 5475 1873 5566 requiritur
