4038 6274
726 450 802 504 Acta
823 449 876 502 Pis·
895 449 958 503 PP.
981 449 1016 502 II.
1125 461 1127 466 '
1577 447 1613 505 99

121 631 303 702 familiaris
337 633 541 722 angustiae.
568 607 662 703 Hine
693 632 895 703 necessitas
919 631 1078 703 adeundi
1110 634 1208 722 piam
1232 634 1394 706 fidelium
1421 635 1618 706 liberalita-

121 732 202 842 lein;
227 779 340 846 quam
368 779 450 829 curn
476 757 615 846 experti
640 758 713 828 ianr
739 758 830 844 sitis,
855 749 920 847 per
942 758 1035 829 alios
1059 759 1185 830 decem
1210 781 1329 830 anuos
1352 762 1533 832 advocare
1556 761 1617 831 ite

122 903 194 952 rum
231 883 403 972 cogitatis
427 881 463 952 in
489 882 719 953 saluberrimi
748 882 870 972 operis
905 882 1122 954 subsidium.
1148 884 1428 972 Collaudarnus,
1451 891 1493 956 ut
1527 887 1618 956 alias

121 1007 184 1076 iam
209 1007 384 1094 issimus,
408 1007 659 1096 providentem
684 1008 911 1078 voluntatem
937 1013 1117 1094 vestram,
1145 1029 1300 1099 eamque
1323 1011 1533 1100 frugiferam
1560 1011 1616 1080 In-

121 1131 243 1203 stituto
279 1134 441 1204 futuram
470 1133 657 1222 portendit
690 1137 861 1222 prompta
884 1152 927 1204 ac
951 1133 1068 1204 facilis
1091 1135 1140 1204 ad
1162 1135 1390 1224 largiendum
1426 1135 1618 1207 catholico-

119 1278 193 1326 rum
218 1279 265 1328 er
289 1258 459 1328 America
480 1259 640 1329 indoles:
665 1257 888 1347 quinetiam
919 1257 1139 1329 confidimus
1165 1261 1222 1330 vel
1247 1280 1310 1330 eos
1333 1259 1435 1349 ipsos
1458 1281 1615 1350 quorum

120 1382 319 1472 largitatem
344 1384 506 1454 tenuitas
530 1382 731 1468 contrahit,
756 1383 961 1470 symbolam
992 1388 1116 1454 tamen
1141 1405 1246 1454 suam
1271 1385 1369 1455 ultro
1400 1386 1616 1470 collaturos;

120 1528 159 1577 eo
181 1507 240 1577 rel
265 1509 383 1597 magis
406 1508 506 1597 quod
542 1530 587 1579 en
611 1509 682 1579 hoc
705 1508 826 1595 Lyceo
857 1513 962 1578 tanta
996 1507 1217 1579 christianae
1248 1508 1491 1579 humanitatis
1524 1531 1618 1579 emo

122 1633 280 1703 lumenta
312 1654 459 1722 sperare
483 1631 578 1718 licet,
601 1639 743 1723 quanta
766 1633 1032 1703 catholicorum
1057 1638 1329 1704 consueverunt
1362 1634 1491 1704 afferre
1515 1633 1617 1704 scho

121 1756 182 1840 lae,
204 1756 342 1844 quibus
366 1757 424 1826 Iex
448 1761 504 1826 est
528 1762 687 1826 mentem
723 1756 911 1826 doctrinae
936 1755 1069 1826 studiis
1093 1756 1279 1842 excolere,
1304 1757 1448 1826 animos
1482 1757 1616 1826 virtute

123 1881 355 1951 conformare.

219 2005 422 2077 Occasione
453 2007 591 2078 utimur
614 2013 656 2076 ut
679 2006 776 2079 idem
800 2028 869 2077 vos
891 2007 1083 2077 hortemur
1116 2008 1217 2096 quod
1249 2007 1321 2077 Iam
1345 2007 1526 2078 Decessor
1550 2009 1617 2076 No

127 2137 193 2201 ster
214 2132 236 2200 l.
260 2154 288 2201 r.
314 2133 387 2202 Leo
412 2132 518 2218 XIII,
542 2132 604 2221 qui
630 2130 689 2202 die
712 2152 778 2201 xru
804 2130 899 2201 Iunii
931 2152 1023 2200 nour
1051 2132 1098 2201 ad
1121 2139 1157 2202 te
1181 2131 1404 2217 rescribens,
1428 2131 1616 2203 Americae

129 2255 421 2344 Septentrionalis
445 2256 637 2346 Episcopis
672 2256 854 2326 suadebat
887 2263 927 2326 ut
953 2279 972 2326 e
997 2258 1074 2327 suis
1098 2255 1254 2346 quisque
1287 2256 1448 2327 delectos
1472 2257 1616 2346 aliquos

129 2380 283 2466 clericos,
307 2402 464 2470 quorum
496 2380 633 2470 ingenii
658 2381 713 2450 vis
737 2380 975 2470 discendique
1001 2381 1110 2450 ardor
1140 2381 1223 2469 plus
1246 2380 1422 2470 quiddam
1455 2380 1618 2451 iacerent

130 2505 208 2592 spei,
227 2505 574 2595 Washingtonianae
590 2506 809 2576 Academiae
833 2505 1081 2575 instituendos
1097 2505 1291 2577 traderent.
1309 2506 1385 2576 Nos
1409 2514 1532 2576 autem
1550 2527 1615 2595 pro

131 2634 217 2697 certo
239 2629 438 2713 habemuS,
461 2627 592 2698 dilecte
620 2627 688 2698 Fili
713 2629 864 2711 Noster,
888 2628 1093 2716 Episcopus
1125 2630 1272 2699 eosdem
1308 2629 1472 2700 studiose
1502 2630 1617 2701 Nobis

131 2753 358 2822 obsecuturos
381 2753 420 2822 in
443 2775 482 2823 re
506 2775 665 2842 quacum
689 2753 917 2843 singularum
954 2753 1178 2823 dioecesium
1207 2753 1502 2841 exploratissIma
1524 2755 1617 2825 utili·

131 2882 179 2946 tas
200 2882 253 2948 est
286 2878 492 2948 coniuncta.
518 2878 633 2949 iidem
665 2877 762 2947 enim
799 2877 930 2963 clerici,
954 2879 1160 2949 sacerdotio
1186 2877 1318 2948 initiati
1344 2886 1381 2949 et
1404 2880 1452 2949 ad
1476 2901 1545 2950 sua
1568 2901 1618 2950 re-

133 3001 225 3086 versi,
240 3003 498 3091 quodcumque
522 3003 636 3073 libeat
658 3003 851 3092 Episcopis
876 3003 1103 3073 sacerdotale
1129 3024 1264 3073 munus
1288 3003 1360 3072 iIIis
1385 3005 1558 3090 conferre,
1575 3026 1619 3075 ea

134 3126 305 3212 perficient
328 3127 517 3216 diligentia
540 3149 651 3216 quam
676 3127 971 3198 excellentiorem
997 3127 1035 3196 in
1052 3127 1142 3216 ipsis
1166 3128 1408 3215 praestabunt
1430 3128 1618 3198 doctrinae

134 3271 210 3338 opas
231 3253 419 3323 uberiores
442 3273 536 3340 quas
564 3251 861 3341 Washingtoniae
885 3251 1134 3340 acquisierint.

210 3375 318 3446 Suam
340 3397 489 3466 quoque
506 3376 655 3447 laudem
673 3375 731 3446 hi'c
748 3397 770 3446 a
787 3376 900 3446 Nobis
916 3376 1080 3446 habeant
1096 3377 1364 3466 Religiosarum
1381 3376 1615 3446 Familiarum

137 3498 448 3590 IIoderatoreS,qui
468 3523 617 3572 suorum
630 3501 792 3591 Collegia
804 3501 967 3572 tironum
986 3501 1123 3572 circum
1135 3501 1517 3591 Washingtoniensem
1535 3503 1620 3573 Uni·

136 3625 325 3696 versitatum
341 3625 596 3711 condiderunt,
608 3625 717 3714 quasi
733 3626 918 3715 quandam
936 3624 1095 3695 liliorum
1112 3645 1285 3695 coronam
1302 3625 1364 3713 qui
1377 3625 1523 3695 Almam
1541 3627 1616 3696 Ma-

138 3752 214 3818 trem
230 3751 531 3840 complectuntur.
544 3751 665 3821 Huius
681 3751 778 3821 enirn
796 3748 1081 3839 propinquitatis
1093 3769 1137 3820 aa
1149 3754 1237 3819 sunt
1248 3751 1443 3821 commoda
1453 3751 1554 3840 quod
1573 3773 1618 3821 ex

137 3891 201 3940 una
221 3879 318 3961 parte
336 3875 580 3965 collegiorum
607 3880 827 3964 conspectus
843 3872 1078 3944 Academiam
1096 3873 1238 3963 egregie
1258 3880 1411 3944 exornat
1427 3873 1619 3965 eidemque

137 3995 327 4082 opinionem
353 4005 481 4089 auget3
505 4021 550 4070 ex
581 4000 696 4071 altera
726 4000 905 4089 religiosis
937 3999 1095 4070 alumnis
1126 3997 1190 4087 qui
1214 3999 1314 4069 domi
1338 3999 1461 4069 studia
1488 3999 1620 4070 doctri-

136 4140 249 4191 narum
274 4125 417 4208 cqunt,
441 4124 640 4195 Academia
662 4126 972 4214 praestantiorum
1006 4122 1265 4212 magistrorum
1299 4124 1441 4211 copiam
1466 4124 1618 4212 praebet

136 4247 167 4312 et
185 4246 315 4318 cultum
339 4248 615 4336 exquisitiorem
640 4249 751 4338 siqui
774 4249 995 4318 athenaeum
1021 4247 1205 4318 celebrare
1232 4246 1355 4316 velint.
1381 4247 1485 4332 Quae
1505 4248 1619 4334 probe

136 4371 393 4444 considerantes
417 4375 492 4443 Nos
516 4375 652 4463 quibus
676 4374 859 4444 maximae
883 4377 940 4443 est
963 4393 1072 4444 curae
1095 4377 1138 4442 ut
1161 4371 1224 4460 qui
1248 4371 1446 4442 insortam
1470 4371 1617 4442 Domini

135 4498 239 4565 vocati
274 4503 362 4568 sunt
385 4498 591 4568 sanctitatis
615 4503 652 4570 et
674 4497 862 4568 doctrinae
885 4498 987 4567 cultu
1018 4498 1179 4567 evadant
1201 4499 1362 4582 operarii
1390 4499 1621 4583 tneonfnetbi-

135 4621 191 4704 aa,
212 4627 295 4692 recte
317 4627 513 4693 tractantes
541 4625 685 4692 uerbum
707 4627 890 4708 veritatis,
916 4621 1078 4711 Collegia
1102 4621 1283 4692 elusmodi
1314 4621 1491 4712 singulari
1514 4623 1621 4692 bene-

136 4744 281 4818 volentia
303 4749 590 4837 complectimur,
614 4753 828 4838 ceterosque
852 4747 1058 4838 Religiosos
1081 4746 1276 4816 AntistItes
1299 4746 1491 4817 hortamur
1513 4754 1555 4817 ut
1582 4747 1618 4818 id

137 4864 252 4956 ipsum,
276 4872 376 4942 omni
412 4893 544 4962 nempe
568 4877 709 4943 remoto
746 4872 924 4962 regularis
959 4871 1176 4960 disciplinae
1212 4871 1442 4956 detrimenta,
1467 4871 1618 4942 efficien-

139 4992 215 5064 dum
247 5004 381 5068 curent.
398 5037 415 5051 -
435 4999 529 5069 IIIud
553 5019 701 5087 quoque
733 4997 934 5068 iucundum
968 4998 1036 5068 luit
1059 4997 1126 5066 abs
1153 5001 1189 5065 te
1212 4997 1394 5085 accipere,
1418 4996 1621 5086 Episcopus

138 5114 377 5192 Universitatis
401 5123 653 5193 moderatores
676 5122 868 5206 rationem,
893 5121 1047 5210 provido
1072 5119 1235 5206 consilio,
1264 5119 1390 5191 iniisse
1414 5143 1499 5210 qua,
1523 5121 1622 5200 iuco-

140 5237 216 5311 lumi
238 5245 319 5314 item
344 5246 517 5336 reIIgiosa
541 5246 746 5334 disciplina,
763 5247 821 5317 vel
845 5245 935 5334 ipsis
959 5245 1154 5335 Religiosis
1171 5244 1332 5314 Fenunis
1355 5246 1520 5316 faciliora
1543 5249 1621 5318 red-

143 5363 253 5438 derent
273 5371 409 5442 altioris
430 5370 618 5442 doctrinae
642 5371 820 5442 beneficia
844 5371 979 5460 quibus
1003 5370 1131 5441 utilius
1155 5374 1347 5440 versentur
1363 5370 1399 5439 in
1418 5371 1550 5459 puellis
1567 5372 1623 5443 in-.

144 5489 324 5566 stitueudis.
