4038 6274
610 491 642 546 S.
663 491 863 558 Oortqrepatr'o
885 492 1126 548 Consistorialis.
1569 487 1618 546 101

832 732 909 814 HL

121 895 164 943 ab
198 896 392 946 absumunt
430 896 534 945 CARI).
563 893 743 960 vaszanl,
776 893 961 945 STRIGONII
995 895 1332 963 ARCHlllPlSCOPUM,
1360 897 1619 949 ocrou'ssfflull

216 1021 374 1070 AETATIS
398 1021 526 1070 ANNUM
549 1020 777 1086 NXPLENTNM,
801 1018 1094 1070 uuaruua'rronls
1118 1021 1225 1071 ERGO.

220 1161 362 1231 Dilecta
374 1161 443 1231 Fili
457 1161 599 1245 Noster,
613 1161 771 1232 salutem
784 1165 820 1231 et
832 1135 1075 1248 apostolicam
1087 1161 1392 1232 benedictionem.
1406 1164 1620 1233 —Paterna

121 1306 191 1372 qua
217 1290 254 1355 te
278 1285 556 1373 complectimur
578 1283 835 1355 benevolentia
850 1284 951 1354 haud
971 1284 1109 1372 patitur
1132 1285 1314 1373 peculiare
1338 1286 1488 1376 aliquod
1512 1287 1618 1357 officii

121 1409 304 1498 studiique
331 1431 466 1479 munus
489 1414 525 1478 te
556 1431 579 1478 a
602 1409 718 1479 Nobis
744 1409 963 1494 desiderare,
991 1409 1029 1478 in
1056 1409 1127 1480 hoc
1156 1415 1231 1480 tam
1264 1411 1384 1496 vario,
1407 1419 1483 1481 tam
1514 1417 1618 1502 grato

122 1534 325 1604 animorum
352 1539 533 1606 concentu
557 1533 623 1604 tibi
647 1534 909 1624 gratulantium
935 1535 1200 1625 octogesimum
1226 1535 1355 1606 aetatis
1372 1559 1521 1608 annum.
1539 1537 1621 1607 Sint

121 1659 227 1748 igitur
251 1661 320 1730 hae
344 1659 410 1731 tibi
434 1660 577 1730 litterae
601 1665 771 1730 votorum
797 1661 1013 1731 Nostrorum
1040 1660 1213 1731 nuntiae:
1238 1661 1313 1732 sint
1335 1667 1422 1733 vota
1446 1664 1619 1732 amantis·

122 1784 230 1854 limae
255 1785 453 1855 declaratio
468 1785 669 1854 voluntatis
685 1789 842 1854 aetatem
859 1784 926 1854 tibi
943 1785 1162 1875 gratulantis
1178 1786 1279 1856 haud
1293 1786 1434 1876 exiguis
1451 1787 1619 1857 ornatam

122 1907 271 1987 meritis,
294 1930 484 1998 novasque
507 1931 530 1979 a
554 1910 631 1980 Deo
663 1909 932 1998 comprecantis
962 1931 1044 1980 oum
1075 1931 1269 1996 annorum,
1293 1917 1371 1981 tum
1405 1911 1618 1981 meritorum

120 2033 359 2104 accessiones,
395 2034 596 2136 Confirmet
625 2055 713 2104 vero
743 2035 835 2104 haec
866 2039 953 2104 rota
988 2035 1121 2106 Nostra
1152 2035 1364 2123 Apostolica
1395 2036 1618 2120 Benedictio,

121 2177 241 2244 quam,
274 2155 437 2227 caritatis
468 2157 624 2227 Nostrae
647 2161 779 2226 testem
803 2178 847 2227 ac
870 2158 1083 2228 caelestium
1109 2159 1296 2247 auspicem
1324 2159 1517 2242 bonorum,
1540 2158 1619 2244 tibi,

122 2282 251 2351 dilecte
266 2282 335 2350 Fili
353 2283 495 2366 Noster,
513 2281 618 2352 Clero
643 2283 854 2371 populoque
878 2288 964 2352 tuae
985 2283 1121 2352 tradito
1144 2284 1319 2371 pastorali
1336 2283 1558 2374 vigilantiae,
1574 2304 1620 2352 ex

121 2406 243 2476 auimo
269 2405 511 2496 impertimus.

217 2531 357 2600 Datum
383 2532 523 2601 Rornae
547 2531 647 2620 apud
672 2531 848 2601 Sanctum
866 2532 1027 2617 Petrum,
1045 2532 1104 2601 die
1121 2553 1147 2601 rr
1164 2532 1352 2603 Februarii
1369 2553 1511 2617 noman,
1528 2533 1619 2602 Pon-

122 2655 280 2725 tificatus
305 2654 428 2725 Nostri
452 2677 550 2726 anno
574 2677 685 2726 nono.

733 2780 842 2852 PIUS
868 2783 937 2850 ΡΡ.
961 2781 1005 2852 X.

296 3103 485 3236 Stulti
530 3103 924 3232 luuuuuuluu
968 3103 1434 3235 consulueritis

805 3320 938 3330 ——.—

857 3438 887 3519 l

710 3594 1026 3681 DECRETUM

123 3776 218 3826 cinca
246 3777 482 3826 uublmortum
506 3776 620 3826 SUPER
648 3775 887 3826 Monsnrisllo
912 3778 934 3825 Α
957 3777 1133 3826 LOCORUM
1150 3776 1621 3827 oanluanllss.suu1sxffl·

224 3903 385 3952 ssuNDAM.

221 4043 446 4113 Dubitantes
462 4043 631 4112 nonnulli
645 4041 837 4112 Sacrorum
854 4041 1047 4113 Antistites
1064 4065 1149 4112 num
1175 4044 1245 4132 ipsi
1268 4043 1448 4132 duplicem
1471 4047 1621 4114 tenean-

123 4171 178 4234 tur
192 4166 412 4236 relationem
425 4187 537 4255 super
548 4155 797 4236 modernismo
811 4166 1043 4254 apostolicae
1059 4167 1144 4237 Sedi
1156 4167 1338 4252 exhibere,
1351 4167 1387 4237 id
1400 4172 1456 4236 est
1469 4166 1618 4236 alteram

124 4291 284 4377 quolibet
306 4289 514 4373 triennio,a
537 4289 799 4360 constitutione
822 4295 1001 4361 Pcaoeudr'
1023 4293 1195 4360 misici
1212 4295 1329 4378 propte
1345 4291 1403 4361 die
1419 4291 1441 4360 8
1457 4290 1621 4379 Septem-

124 4415 194 4485 bris
218 4417 307 4486 1907
331 4422 368 4486 et
392 4437 415 4485 a
439 4417 539 4485 Motu
563 4415 710 4504 proprio
735 4417 929 4486 Sacrorum
943 4417 1155 4486 Antistitum
1175 4417 1233 4486 die
1256 4417 1272 4486 1
1292 4416 1516 4504 Septembris
1534 4417 1622 4485 1910

125 4539 403 4628 praescriptam3
427 4539 578 4608 alteram
604 4559 691 4608 vero
716 4539 870 4628 singulis
886 4539 1150 4628 quinquenniis
1173 4560 1249 4608 una
1272 4560 1352 4609 cum
1379 4539 1554 4609 relatione
1575 4540 1620 4608 de

125 4667 218 4732 statu
247 4685 338 4733 suae
371 4661 550 4733 dioecesis
581 4665 684 4734 iuxta
714 4664 826 4734 huius
851 4665 887 4734 S.
914 4663 1217 4753 Congregationis
1248 4664 1434 4734 decretum
1459 4666 1616 4732 Aramo

125 4790 264 4856 tactura
287 4791 464 4858 Micelae
487 4793 601 4858 aetate
625 4789 695 4859 diei
712 4790 752 4860 31
771 4789 984 4859 Decembris
1010 4789 1106 4872 1909,
1123 4809 1201 4859 rem
1219 4788 1253 4858 S.
1275 4787 1360 4858 Sedi
1386 4789 1621 4859 subiecerunt

126 4910 374 4983 dirimendam.
405 4913 528 4999 Quum
554 4920 675 4983 autem
701 4913 941 5003 subsignatus
965 4912 1169 4982 Cardinalis
1195 4913 1419 4983 Secretarius
1442 4913 1479 4981 id
1504 4912 1619 4982 SSmo

128 5035 203 5104 Dfio
228 5045 354 5108 nostro
381 5037 447 5107 Pio
473 5038 543 5107 ΡΡ.
568 5038 601 5106 Χ
625 5037 821 5120 retulisset,
846 5037 916 5121 hic,
944 5039 993 5107 ad
1015 5059 1162 5107 omnem
1186 5037 1298 5107 animi
1325 5037 1546 5107 anxietatem
1578 5059 1621 5107 ac

127 5159 389 5232 dubitationem
407 5163 619 5248 tollendam,
636 5164 822 5233 declarare
838 5170 884 5250 et,
897 5170 1080 5252 quatenus
1097 5184 1191 5251 opus
1203 5161 1261 5246 sit,
1274 5168 1434 5232 statuere
1449 5163 1621 5252 dignatus

128 5291 189 5370 est,
213 5288 377 5358 locorum
403 5287 638 5370 OrdinariOS,
662 5308 736 5376 quo
760 5308 859 5358 anno
891 5288 1105 5358 relationem
1131 5288 1175 5357 de
1203 5293 1302 5356 statu
1334 5309 1423 5357 suae
1447 5288 1621 5358 ecclesiae

130 5419 318 5501 peragunt,
343 5401 453 5484 simul
476 5412 688 5483 satisfacere
712 5433 821 5501 posse
846 5412 1059 5502 obligationi
1074 5433 1182 5501 quae
1206 5432 1250 5481 ex
1275 5413 1622 5501 supramemoratis

129 5536 383 5610 constitutione
407 5541 586 5608 Peccandi
609 5540 781 5608 dominici
803 5542 923 5626 propia
946 5543 982 5607 et
1006 5539 1107 5608 Motu
1129 5537 1277 5626 proprio
1302 5537 1497 5607 Sacrorum
1519 5542 1642 5607 Arati·-
