4120 6284
776 470 808 527 8.
828 472 967 528 Rom
985 471 1070 528 nota.
1639 471 1673 527 41

181 655 214 723 in
228 653 515 741 visitationibus,
531 659 588 726 vel
605 659 650 728 de
666 657 750 728 aliis
773 657 956 728 similibus
971 657 1116 729 actibus
1132 658 1402 729 affirmantibus
1418 658 1676 747 pertinentiam

180 799 284 849 curae
306 779 510 851 habitualis
544 803 657 872 penes
682 781 903 870 Capitulum.
929 782 1118 867 Scarfant,
1141 787 1210 868 cit,
1233 806 1269 852 rr.
1292 788 1347 852 31.
1373 783 1463 852 Nam
1489 804 1565 853 non
1589 787 1679 854 sunt

179 902 248 973 nisi
271 902 407 974 indicia
430 910 467 974 et
490 906 822 994 praesumptiones

281 1030 450 1100 lamvero
473 1032 596 1120 quoad
618 1033 711 1104 haec
734 1039 771 1104 et
791 1033 916 1103 omnia
935 1033 1007 1104 alia
1023 1033 1137 1123 signa,
1161 1054 1227 1104 seu
1251 1033 1572 1122 praesumptiones
1597 1033 1682 1103 alla·

178 1159 235 1224 tas
258 1155 468 1226 aPatronis
492 1155 660 1246 Capituli,
684 1157 975 1246 primoquidem
1000 1179 1076 1228 non
1100 1165 1155 1227 est
1179 1157 1464 1246 confugiendum
1489 1156 1536 1226 ad
1564 1157 1681 1246 signa,

178 1278 314 1350 indicia
347 1301 414 1350 seu
449 1281 787 1370 praesumptiones
810 1281 882 1352 nisi
917 1282 1066 1370 quando
1101 1303 1177 1351 non
1212 1285 1358 1352 constat
1381 1282 1426 1351 de
1451 1280 1681 1351 fundationis

178 1404 301 1491 initi03
318 1407 482 1477 secundo
497 1428 584 1477 vero
600 1407 920 1496 praesumptiones
943 1407 1071 1478 cedere
1088 1408 1223 1478 dehent
1244 1405 1400 1491 veritati,
1414 1427 1511 1495 quae
1539 1405 1576 1475 in
1593 1426 1682 1476 casu

179 1535 307 1601 nostro
324 1532 580 1602 manifestatur
592 1539 628 1602 et
640 1538 765 1622 aperte
777 1533 1051 1603 demonstratur
1067 1554 1111 1602 ex
1129 1532 1275 1602 Litteris
1287 1530 1491 1616 erectionis
1508 1535 1683 1619 utsupra

179 1656 366 1726 firmatum
391 1663 458 1728 est.

285 1780 419 1851 Curam
445 1783 554 1872 igitur
577 1783 803 1854 habitualem
828 1787 1034 1871 competere
1051 1805 1127 1853 non
1145 1782 1314 1871 Capitulo
1339 1783 1405 1852 sed
1421 1780 1681 1870 Archipreshy·

178 1911 257 1974 tero
274 1903 313 1974 in
330 1927 431 1990 casu,
447 1906 598 1976 omnino
615 1908 851 1978 iudicandum
870 1913 937 1977 est.

282 2030 338 2100 25.
364 2032 491 2120 Neque
513 2037 723 2120 opponatur
746 2053 869 2104 curam
906 2031 1130 2102 habitualem
1157 2053 1232 2102 non
1257 2053 1365 2120 posse
1390 2034 1599 2118 competere
1623 2028 1684 2098 Ar-

179 2153 509 2241 chipreshyteratui
533 2155 590 2226 vel
605 2155 942 2244 archipresbytero,
959 2156 1046 2245 quia
1070 2161 1158 2226 tunc
1182 2176 1263 2225 earn
1288 2155 1333 2225 de
1359 2154 1435 2224 iure
1460 2154 1563 2224 etde
1588 2153 1684 2222 lacto

178 2297 348 2349 exercere
372 2280 523 2350 deberet
545 2300 611 2368 per
635 2279 828 2366 vicarium;
853 2301 939 2350 nam
963 2281 1034 2350 hoc
1053 2280 1263 2351 verificatur
1279 2279 1316 2349 in
1333 2299 1421 2350 casu
1445 2277 1597 2349 unionis
1619 2295 1685 2345 seu

178 2403 491 2492 incorporationis
514 2404 688 2476 ecclcsiae
720 2405 941 2493 parochialis
973 2427 1039 2477 seu
1070 2405 1237 2476 beneficii
1262 2405 1389 2490 curati,
1410 2405 1580 2488 Aichner,
1603 2406 1670 2490 cit,

180 2529 198 2618 5
221 2535 278 2614 79,
302 2552 338 2598 rr.
361 2535 394 2614 2,
426 2551 503 2600 non
526 2552 613 2600 vero
638 2531 675 2601 in
700 2552 789 2602 casu
819 2537 957 2616 nostro,
982 2531 1113 2616 Piton,
1137 2535 1208 2614 cit,
1235 2555 1271 2600 c.
1289 2539 1320 2616 1,
1342 2537 1367 2602 3
1388 2536 1419 2600 et
1443 2538 1489 2614 4;
1513 2530 1686 2616 Gennari,

182 2655 366 2735 onmem
390 2654 602 2738 canoniae,
628 2677 662 2724 n.
685 2660 765 2738 379,
784 2676 869 2742 pap.
893 2661 970 2726 459.

912 2871 956 2942 ll.

287 3030 342 3100 26.
367 3030 694 3121 Archipresbytero
718 3033 756 3102 in
780 3053 868 3103 casu
893 3038 1100 3120 competere
1124 3053 1249 3104 curam
1274 3033 1480 3103 animarum
1504 3033 1685 3104 actualem

182 3154 220 3223 in
244 3153 400 3224 dubium
425 3161 634 3226 revocatum
659 3179 735 3227 non
759 3163 825 3242 est,
848 3178 916 3227 nee
939 3157 1104 3228 revocari
1126 3162 1258 3246 potest.

291 3279 510 3364 Quaesitum
544 3284 691 3351 tantum
715 3286 772 3352 est
800 3303 889 3353 num
914 3283 947 3352 ei
971 3287 1156 3370 competat
1182 3303 1270 3352 eura
1296 3281 1471 3352 universa
1504 3282 1687 3353 exclusive

184 3410 222 3473 et
244 3403 536 3492 independenter
558 3426 581 3473 a
605 3405 775 3494 Capitulo
799 3407 1012 3478 exercenda.

289 3529 345 3598 Ἠ.
371 3529 454 3614 Qua
477 3529 514 3599 in
538 3551 577 3600 re
602 3530 751 3600 minime
774 3536 832 3600 est
854 3531 1008 3601 dubium
1027 3532 1407 3621 Archipresbyterum
1424 3553 1469 3602 eo
1491 3533 1549 3602 vel
1572 3531 1688 3621 magis

187 3654 287 3743 quod
312 3675 388 3723 non
423 3658 566 3723 tantum
603 3675 727 3724 euram
763 3656 943 3726 actualem
967 3657 1033 3726 sed
1057 3661 1093 3726 et
1118 3656 1342 3726 habitualem
1375 3656 1522 3740 habeat,
1553 3655 1688 3725 habere

188 3779 428 3848 intentionem
458 3779 651 3849 fundatam
675 3779 712 3849 in
737 3780 815 3851 iure
850 3782 973 3869 quoad
1003 3802 1130 3851 euram
1156 3781 1383 3866 universam,
1407 3781 1597 3864 Scarfant,
1620 3784 1688 3864 eit,

186 3908 297 3990 ootl,
322 3907 510 3991 Deciatum,
526 3912 705 3993 pop257,
725 3912 809 3992 md,
831 3911 863 3974 et
884 3929 966 3994 pap.
984 3914 1038 3992 15,
1061 3929 1096 3976 n.
1115 3912 1168 3992 16,
1195 3912 1227 3977 et
1242 3909 1317 3976 Lib.
1333 3909 1398 3993 IV,
1426 3908 1489 3976 Tit.
1506 3909 1550 3992 X,
1573 3929 1610 3975 n.
1627 3911 1671 3976 16
1679 3929 1690 3988 ;

190 4030 322 4116 piton,
345 4035 413 4116 cit,
438 4054 473 4100 rr.
499 4039 529 4115 1,
561 4052 716 4121 eamque
747 4032 932 4102 exclusive
963 4038 999 4103 et
1030 4031 1320 4121 independenter
1347 4053 1369 4102 a
1397 4032 1568 4120 Capitulo
1592 4053 1690 4102 exer-

189 4156 356 4227 cendam.
1625 4239 1638 4264 .

292 4282 348 4352 28.
365 4281 545 4370 Equidem
560 4282 720 4371 Capituli
734 4283 884 4353 Patroni
901 4285 1130 4354 contendunt
1142 4283 1352 4373 Capitulum
1369 4283 1590 4372 quibusdam
1608 4283 1691 4352 iuri·

190 4406 261 4476 bus
292 4404 420 4494 poliri,
450 4425 547 4494 quae
576 4407 624 4475 ad
655 4407 836 4476 actualem
868 4426 993 4478 curam
1024 4407 1228 4477 animarum
1267 4406 1458 4478 manifeste
1489 4405 1690 4495 pertinent,

190 4534 417 4619 censentque
441 4529 592 4618 insuper
614 4529 746 4600 exinde
769 4529 879 4600 etiam
905 4552 1031 4602 euram
1054 4531 1279 4601 habitualem
1305 4531 1464 4619 Capituli
1487 4529 1635 4618 probari
1655 4535 1692 4600 et

191 4653 412 4724 confirmari.

266 4855 272 4866 ¹
297 4777 431 4848 Verum
457 4783 542 4849 aute
565 4778 691 4849 omnia
713 4780 985 4850 observandum
1011 4784 1067 4849 est
1090 4799 1216 4849 curam
1243 4777 1470 4848 habitualem
1501 4780 1544 4847 de
1570 4799 1634 4864 per
1655 4799 1692 4846 se

192 4925 238 4974 ex
261 4903 364 4974 hisce
401 4901 552 4973 minime
575 4903 783 4974 necessario
807 4903 929 4992 sequi;
954 4903 1040 4974 dein
1063 4924 1150 4974 vero
1180 4902 1273 4972 haec
1296 4902 1394 4984 iura,
1418 4901 1557 4972 utiam
1581 4923 1694 4991 supra

191 5029 434 5112 dictumest,
462 5033 663 5117 potuerunt
696 5028 836 5118 acquiri
868 5027 1038 5116 Capitulo
1073 5027 1180 5096 titulo
1207 5033 1350 5097 tantum
1382 5027 1693 5116 praescriptionis,

192 5177 260 5225 seu
283 5152 535 5242 usucapionis,
552 5154 597 5224 dc
621 5175 696 5243 qua
718 5175 818 5224 nunc
841 5153 1042 5224 videndum
1065 5158 1132 5236 est,
1153 5175 1243 5223 num
1265 5153 1375 5223 fuerit
1396 5153 1561 5243 legitima
1583 5160 1693 5243 atquc

194 5280 324 5350 valeat

299 5407 350 5476 29.
375 5407 531 5477 Factum
548 5408 649 5496 quod
666 5406 807 5489 attinet,
832 5406 981 5476 Patroni
1003 5405 1162 5494 Capituli
1185 5405 1344 5475 afferunt
1367 5404 1694 5475 immemorabilem

192 5533 480 5620 possessionem,
494 5536 531 5600 et
546 5529 800 5619 perantiquam
827 5531 1130 5600 consuetudinem
1150 5535 1235 5599 ante
1251 5529 1444 5599 hominum
1468 5527 1694 5621 memoriam,
