4120 6284
378 464 415 521 bl
678 471 755 526 Aeto
773 471 964 540 Apostolicae
982 471 1080 528 Sedis.
1098 499 1117 512 -
1139 474 1398 529 Commentarium
1420 476 1560 545 officiale.

380 652 651 731 demandato
669 653 908 731 Cardinalis
925 654 1098 744 Vicarii,
1118 657 1185 733 vel
1204 658 1497 735 Praelatorum
1515 661 1570 736 ad
1588 682 1769 759 quorum
1786 662 1872 738 offi-

379 777 494 855 cium
512 801 578 855 res
596 781 767 878 spectet.

480 906 540 979 80.
564 904 941 995 Administrorum,
966 907 1344 1008 quibustabularii
1364 911 1433 986 vel
1453 911 1618 987 archivi
1638 933 1741 988 cura
1762 935 1871 989 eom-

380 1030 511 1107 missa
534 1032 610 1120 est,
639 1054 797 1109 munus
821 1031 900 1109 erit
921 1035 1017 1110 acta
1041 1035 1091 1110 et·
1108 1033 1362 1112 documenta
1388 1057 1615 1126 recensere,
1644 1039 1868 1126 custodire,

379 1156 571 1234 ordinate
596 1179 776 1246 servare,
802 1180 1033 1258 eorumque
1056 1161 1285 1259 exemplar,
1312 1164 1478 1260 recepto
1502 1167 1730 1258 mandato.
1746 1163 1871 1240 confi-

378 1304 469 1358 cere
487 1286 529 1360 et
546 1283 634 1360 suis
652 1307 845 1384 quaeque
863 1285 1013 1362 officiis
1031 1287 1209 1363 tradere.
1533 1273 1535 1279 ’

474 1411 536 1484 81.
565 1411 858 1500 Archivarius,
889 1434 962 1488 seu
989 1411 1163 1488 archivo
1190 1412 1441 1510 praefectus,
1471 1435 1497 1488 a
1523 1413 1699 1489 Summo
1727 1413 1869 1491 Ponti-

374 1535 450 1612 fice
469 1535 658 1635 eligetur.
682 1536 851 1614 Suberit
869 1540 1012 1615 autem
1032 1538 1187 1615 directe
1207 1538 1426 1616 cardinali
1445 1539 1628 1628 vicario,
1650 1562 1782 1638 eoque
1802 1540 1870 1616 de-

373 1661 539 1738 ficiente
553 1662 621 1738 vel
638 1662 823 1752 absente,
844 1663 1143 1740 Commissario
1160 1663 1415 1753 vicariatus,
1437 1665 1556 1741 salva
1573 1667 1717 1742 tamen
1732 1665 1870 1764 dispo-

375 1786 525 1864 sitione
545 1807 635 1863 cac.
658 1798 717 1876 79,
739 1789 790 1865 de
810 1811 893 1888 quc
913 1811 1054 1888 supra.

476 1915 536 1988 82.
560 1914 621 1990 De
640 1917 828 2012 tempore
848 1936 932 2013 quo
951 1914 1061 1992 varii
1082 1915 1324 1993 administri
1345 1917 1391 1992 in
1411 1917 1538 1994 officii
1559 1916 1669 1994 aulis
1689 1940 1779 1996 esse
1800 1918 1868 1994 de-

376 2037 478 2115 bent
499 2061 548 2115 ae
570 2038 621 2115 de
644 2039 771 2128 feriis,
796 2039 1036 2117 cardinalis
1058 2040 1255 2119 Vicarius
1278 2063 1472 2119 normam
1494 2043 1624 2120 Nobis
1647 2045 1867 2142 proponat,

372 2160 521 2237 habita
546 2160 710 2240 ratione
736 2160 878 2262 legum
906 2185 1014 2262 quae
1038 2165 1153 2262 apud
1180 2160 1251 2240 SS.
1282 2164 1637 2264 Congregationes
1659 2165 1865 2254 obtinent,

374 2308 565 2385 quasque
585 2287 669 2364 Nos
687 2288 777 2387 Ipsi
796 2288 1084 2387 probavimus.

488 2483 795 2568 Decernentes
818 2493 1082 2592 praesentes
1104 2486 1287 2570 litteras
1309 2487 1479 2586 firmas,
1506 2488 1684 2571 validas
1708 2495 1755 2572 et
1779 2488 1868 2571 effi-

375 2633 503 2691 caces
520 2633 698 2717 semper
714 2634 811 2690 esse
828 2615 874 2690 et
891 2608 1001 2708 iore,
1023 2637 1218 2720 suosque
1235 2609 1463 2720 plenarios
1480 2617 1527 2692 et
1544 2610 1747 2720 integros
1765 2611 1867 2694 effe-

371 2740 472 2817 ctus
488 2733 639 2816 sortiri
653 2739 700 2815 et
713 2733 917 2816 obtinere
932 2760 961 2816 a
974 2731 1047 2816 die
1061 2733 1159 2816 eius
1175 2735 1553 2844 promulgationis
1568 2737 1617 2819 in
1633 2736 1865 2819 Cemmen-

370 2859 488 2942 tario
506 2859 562 2942 de
579 2856 866 2968 Apostolicae
886 2855 1016 2941 Sedis
1035 2856 1178 2960 actis,·
1195 2867 1333 2969 atque
1350 2861 1532 2943 irritum
1552 2889 1649 2944 esse
1668 2867 1715 2943 et
1733 2861 1866 2944 inane

372 2983 411 3066 si
447 3011 575 3068 secus
612 3011 747 3094 super
782 2985 855 3066 his
890 3012 916 3068 a
953 3010 1182 3095 quoquam
1220 2985 1463 3095 contigerit
1499 2986 1733 3087 attentari,
1773 3012 1863 3069 non

371 3109 660 3193 obstantibus
689 3111 858 3193 Nostra
888 3116 936 3194 et
966 3109 1273 3195 Cancellariae
1301 3111 1590 3221 Apostolicae
1619 3113 1780 3221 regula
1808 3113 1865 3195 de

370 3236 468 3318 iure
486 3236 691 3345 quaesito
711 3262 801 3318 non
818 3235 1031 3336 tollend0,
1053 3235 1245 3346 aliisque
1263 3237 1665 3321 constitutionibus
1685 3244 1731 3320 et
1750 3238 1866 3321 ordi-

371 3361 634 3446 nationibus
664 3361 938 3472 Apostclicis
967 3362 1040 3444 vel
1069 3362 1230 3472 quavis
1260 3362 1478 3446 firmitate
1508 3361 1600 3447 alia
1627 3363 1863 3461 roboratis,

371 3486 572 3588 statutis,
600 3487 1016 3588 consuetudinibus,
1044 3487 1295 3598 ceterisque
1322 3487 1559 3573 contrariis
1587 3487 1868 3599 quibuslibet

371 3613 511 3695 etiam
535 3613 861 3722 specialissima
885 3613 1114 3696 mentione
1136 3612 1298 3723 dignis.

486 3738 661 3821 Datum
680 3739 854 3822 Romae
872 3739 995 3849 apud
1016 3739 1062 3823 S.
1085 3742 1277 3823 Petrum
1295 3766 1415 3823 anno
1435 3739 1772 3824 Inoamationis
1791 3740 1866 3822 do·
1900 3824 1903 3832 ,

372 3861 564 3944 minicae
593 3861 833 3944 millesimo
862 3861 1203 3970 nongentesimo
1233 3861 1508 3961 duodecimo,
1541 3861 1763 3945 Kalendis
1793 3863 1864 3944 Ia·

371 3987 556 4088 nuariis,
576 3988 690 4070 festo
714 3987 1076 4071 Circumcisionis
1098 3989 1151 4070 D.
1172 3989 1227 4072 N.
1252 3989 1287 4070 I.
1312 3986 1373 4086 0„
1394 3987 1686 4098 pontificatus
1708 3988 1863 4071 Nostri

373 4141 490 4197 anno
510 4140 639 4197 nono,

451 4365 490 4428 Α.
511 4361 718 4427 Csnnrusms
739 4361 950 4427 AGLIARDI
1331 4359 1366 4425 G.
1387 4359 1594 4425 casurusne
1615 4362 1671 4426 DE
1691 4363 1765 4427 LAI

512 4461 544 4523 S.
557 4463 595 4522 R.
608 4462 646 4522 E.
663 4459 903 4524 cancellariam.
1269 4457 1617 4522 audomarum
1637 4480 1660 4522 o
1681 4461 1831 4526 Secreta.

491 4646 579 4708 Loco
601 4649 637 4719 ff«
661 4644 796 4707 Plumbi

1051 4812 1184 4882 VISA

920 4921 960 4982 M.
983 4922 1085 4982 R1eer
1105 4918 1142 4983 C.
1165 4920 1217 4982 A..
1240 4921 1313 4982 Not.

441 5107 511 5174 Rea.
532 5110 567 5160 in
588 5107 678 5162 canc.
701 5107 755 5174 Ap.
776 5105 814 5160 N.
834 5109 899 5162 576.
