4120 6284
811 455 886 508 Actu
905 454 959 508 Pei
978 455 1041 510 PP.
1063 455 1099 509 Χ.
1667 455 1704 511 ds

199 643 307 732 igitur
322 663 437 712 curae
454 642 570 725 vobis,
586 648 626 712 ut
643 663 707 711 eas
723 640 864 710 litteras
888 641 1098 711 sacerdotes
1114 640 1225 710 vestri
1243 659 1372 710 omnes
1388 641 1522 732 singuli
1542 643 1701 714 habeant

200 771 412 854 attenteque
449 767 633 854 perlegere
665 766 702 835 in
726 765 890 834 animum
926 764 1111 835 inducant.
1137 803 1156 816 -
1183 765 1325 834 Interea
1360 785 1464 850 vero,
1489 768 1575 836 dum
1609 767 1702 838 Cleri

200 890 407 960 rationibus
432 888 625 960 consulitis
641 890 679 958 in
703 910 879 978 praesens
902 895 1060 977 tempus
1077 909 1226 960 necesse
1251 895 1308 958 est
1331 887 1452 972 etiam,
1477 889 1515 960 in
1539 891 1701 962 futurum

201 1014 445 1103 prospiciatis.
472 1013 509 1084 si
535 1013 644 1083 vultis
667 1014 776 1096 enim,
800 1013 854 1083 uti
878 1013 1021 1084 debetis
1044 1013 1148 1097 velle,
1172 1017 1214 1083 ut
1237 1012 1318 1083 istic
1341 1013 1523 1103 Religioni
1552 1014 1704 1085 meliora

201 1141 402 1230 aliquando
418 1145 587 1227 tempora
600 1139 825 1223 illucescant,
835 1139 1032 1227 praecipua
1047 1140 1227 1228 quaedam
1241 1159 1328 1228 pars
1344 1139 1547 1210 industriae
1559 1146 1703 1210 vestrae

203 1265 425 1335 insumenda
447 1263 586 1334 scilicet
607 1267 665 1333 est
687 1262 726 1332 in
750 1285 892 1333 sacram
917 1263 1157 1348 iuventutem,
1173 1285 1268 1353 quae
1291 1264 1440 1353 quidem
1465 1285 1567 1352 spem
1592 1266 1704 1336 eccle·

202 1389 340 1460 siastici
364 1389 507 1459 ordinis
530 1408 675 1458 omnem
702 1389 874 1459 continet.
901 1389 1023 1474 Quare
1047 1389 1181 1459 dabitis
1206 1409 1366 1477 operam,
1381 1396 1423 1460 ut
1446 1395 1569 1460 vestra
1590 1388 1704 1460 Semi-

202 1515 305 1584 naria
327 1514 418 1584 talia
438 1515 626 1596 exsistant,
647 1514 771 1603 qualia
795 1515 966 1601 Synodus
990 1514 1203 1584 Tridentino
1227 1513 1344 1598 iussit,
1367 1515 1404 1585 id
1427 1520 1484 1586 est
1516 1514 1704 1604 religionis

203 1639 465 1727 doctrinaeque
490 1637 741 1720 domicillam
765 1637 901 1726 quihus
926 1639 1179 1708 adolescentes
1203 1637 1322 1708 clerici
1346 1637 1414 1707 rite
1438 1639 1485 1708 ad
1509 1638 1704 1709 sacerdotii

202 1763 324 1834 officia
348 1767 386 1832 et
411 1763 537 1833 munia
560 1763 810 1833 instituantur.
830 1763 871 1832 ln
895 1763 1024 1851 primis
1047 1762 1168 1852 igitur,
1183 1763 1285 1852 quod
1308 1763 1355 1831 ad
1379 1759 1610 1850 disciplinam
1632 1783 1705 1830 mo·

203 1911 281 1958 rum
309 1889 451 1971 attinet,
475 1889 596 1978 gravis
619 1908 664 1957 ea
686 1891 723 1957 et
745 1894 904 1971 austera,
927 1887 1033 1958 vobis
1057 1887 1292 1970 instantibus,
1309 1887 1359 1957 ibi
1379 1887 1606 1970 dominetur;
1630 1887 1704 1956 alu-

204 2014 353 2102 mnique
388 2033 575 2082 sacrorum
599 2011 643 2080 iis
666 2011 863 2081 virtutibus
895 2011 1169 2081 conformentur
1192 2011 1357 2100 penitus,
1381 2031 1477 2100 quae
1501 2011 1702 2081 sacerdotis

202 2137 361 2208 maxime
386 2141 483 2219 sunt,
508 2136 652 2224 pietate,
670 2135 897 2220 castimonia,
922 2135 1128 2207 animarum
1153 2136 1408 2220 sollicitudine,
1429 2135 1702 2224 christianaque

201 2265 426 2348 humilitate,
450 2283 546 2351 quae
577 2268 780 2332 ceterarum
811 2268 867 2332 est
892 2263 1172 2332 fundamentum
1203 2263 1391 2332 virtutum.
1417 2261 1470 2330 De
1494 2261 1698 2331 studiorum

185 2394 323 2460 ,autem
349 2388 504 2468 ratione,
527 2387 673 2475 qualem
698 2386 736 2456 in
762 2385 976 2456 Seminariis
1001 2386 1133 2456 vestris
1158 2385 1277 2476 vigere
1303 2393 1481 2476 oporteat,
1505 2387 1703 2456 documen·

201 2523 276 2583 tum
303 2535 349 2583 ex
366 2512 412 2582 iis
436 2512 589 2600 potestis
613 2532 754 2600 capere,
770 2531 865 2600 quae
884 2511 958 2582 Nos
983 2512 1020 2580 in
1037 2511 1251 2581 universum
1277 2511 1590 2600 praescripsimus.
1608 2511 1703 2580 Tan-

203 2645 278 2706 tum
302 2637 568 2720 admonemuS,
592 2635 693 2705 utin
726 2635 983 2723 philosophiae
1007 2657 1050 2705 ac
1077 2635 1284 2725 theologiae
1312 2635 1488 2705 doctrinis
1512 2637 1639 2705 ducem
1667 2640 1703 2704 et

202 2763 416 2852 magistrum
433 2761 614 2830 Thomam
635 2759 856 2848 Aquinatem
869 2764 905 2831 et
917 2760 1130 2830 habendum
1144 2759 1297 2830 edicatis
1310 2765 1346 2828 et
1358 2760 1587 2848 sequendum
1602 2780 1702 2829 cure-

201 2889 261 2958 tis:
287 2886 402 2956 huius
426 2885 522 2954 enim
550 2885 727 2955 institutis
751 2885 885 2955 exculti
913 2885 1084 2973 discipuli
1109 2907 1250 2955 errores
1274 2890 1311 2954 et
1334 2885 1496 2954 fallacias
1532 2884 1704 2955 recentio-

201 3033 279 3081 rum
303 3011 451 3080 facilius
476 3011 668 3080 cavebunt.
694 3010 746 3079 Ac
769 3011 814 3080 de
839 3008 980 3094 litteris,
997 3010 1214 3100 plerumque
1238 3009 1372 3100 negligi
1396 3010 1542 3100 linguae
1566 3009 1703 3079 latinae

201 3135 378 3219 studium,
403 3135 553 3204 minime
576 3135 739 3223 gentium
764 3136 974 3222 probamus.
1000 3136 1134 3220 Nostis,
1155 3135 1244 3224 quid
1269 3136 1337 3205 hac
1362 3155 1473 3222 super
1496 3157 1534 3204 re
1558 3155 1702 3204 sacrum

201 3260 407 3330 Consilium
431 3259 563 3330 studiis
587 3259 760 3349 regundis
784 3281 901 3348 nuper
924 3259 1116 3348 Episcopis
1141 3259 1324 3330 universis
1350 3259 1544 3344 mandarit,
1568 3260 1702 3328 Nostro

201 3384 364 3454 nomine.
381 3384 552 3453 Vestrum
569 3383 638 3452 erit
665 3382 774 3472 igitur
790 3383 877 3453 huic
890 3385 1045 3454 Nostrae
1062 3383 1338 3473 praescriptioni
1356 3383 1549 3474 diligenter
1565 3403 1703 3467 curare,

199 3515 238 3579 ut
262 3508 432 3579 satisfiat.
459 3508 624 3597 Denique
649 3508 899 3592 memineritis,
931 3509 1117 3597 sapienter
1147 3509 1382 3579 Tridentinos
1415 3508 1542 3578 Patres
1569 3509 1703 3578 consti-

201 3635 326 3716 tuisse,
344 3638 387 3702 ut
402 3631 692 3702 Seminariorum
709 3638 744 3702 et
761 3632 975 3720 disciplinae
993 3639 1029 3702 et
1044 3632 1095 3703 rei
1113 3633 1370 3703 oeconomicae
1392 3632 1551 3703 tuendae
1566 3632 1702 3720 duplex

199 3759 347 3828 adesset
371 3761 623 3843 deputatorum
646 3761 854 3841 commissio,
878 3779 1036 3846 quarum
1060 3758 1175 3828 altera
1199 3780 1244 3828 ex
1269 3757 1366 3826 binis
1388 3756 1576 3827 canonicis
1600 3756 1703 3827 aedis

199 3881 440 3962 cathedralis,
464 3881 580 3949 altera
603 3901 648 3950 ex
673 3879 770 3949 binis
802 3881 886 3950 item
917 3881 1105 3952 canonicis
1138 3889 1247 3971 atque
1277 3880 1374 3950 binis
1398 3881 1442 3950 de
1474 3879 1569 3950 clero
1601 3881 1703 3950 urbis

199 4006 422 4095 episcopalis
446 4011 641 4074 constaret.
665 4005 848 4090 Quoniam
874 4006 969 4076 hanc
992 4013 1119 4077 sancte
1142 4007 1390 4095 inviolateque
1415 4005 1552 4075 servari
1576 4007 1702 4094 legem,

199 4131 392 4222 permagni
416 4132 465 4201 ad
488 4137 624 4200 rectam
651 4131 938 4200 Seminariorum
964 4131 1322 4202 administrationem
1355 4131 1590 4221 regimenque
1615 4132 1705 4200 inte-

198 4263 284 4340 rest,
309 4277 378 4324 vos
401 4259 665 4326 commissiones
695 4255 894 4340 eiusmodi,
919 4257 1035 4326 sicubi
1062 4279 1136 4326 non
1160 4259 1314 4340 adsunt,
1339 4257 1626 4346 quamprimum,
1649 4259 1703 4327 uti

201 4387 363 4448 vestrum
382 4378 544 4448 officium
569 4379 732 4467 requirit,
750 4378 959 4450 instituetis
978 4419 996 4430 -
1015 4381 1217 4463 Postremo,
1234 4381 1342 4450 sinite
1367 4379 1592 4452 inculcemus
1608 4380 1703 4451 auri·

199 4505 268 4575 hus
293 4503 503 4592 animisque
528 4504 657 4573 vestris
692 4503 792 4572 illam
817 4504 983 4592 Apostoli
1018 4503 1275 4594 gravissimam
1300 4525 1450 4574 vocem:
1474 4509 1612 4576 nemim
1638 4513 1704 4576 otto

200 4652 335 4699 mortus
357 4633 581 4714 traposuerts.
608 4628 719 4711 Nam,
744 4628 792 4707 si,
818 4631 1022 4716 procuratis
1054 4628 1349 4719 comparatisque
1376 4631 1486 4699 rebus
1521 4631 1702 4714 omuibus

201 4776 294 4842 quae
317 4755 368 4824 ad
392 4754 603 4824 educendos
627 4753 693 4822 rite
718 4755 889 4823 alumnos
915 4749 1009 4824 Cleri
1034 4755 1234 4842 pertinent,
1260 4761 1384 4825 tamen
1419 4775 1494 4823 non
1517 4755 1703 4838 cavebitis,
1768 4761 1773 4772 '

202 4883 309 4948 utne
333 4879 477 4948 aditum
503 4877 597 4946 detis
615 4878 662 4947 ad
686 4878 931 4947 sacerdotium
956 4877 1026 4947 nisi
1052 4877 1182 4967 dignis,
1199 4900 1345 4948 omnem
1372 4899 1517 4966 operam
1544 4884 1702 4948 vestram

203 5001 334 5072 trustra
358 5003 474 5073 fuisse
507 5007 683 5089 putatote.
710 5001 905 5091 Indignum
931 5008 986 5071 est
1010 4993 1132 5072 aulem
1164 5005 1293 5073 rudem
1318 5024 1398 5073 esse
1423 5006 1585 5073 autnon
1613 5002 1704 5072 satis

203 5127 403 5197 adoctrina
428 5125 652 5195 instructum
677 5127 916 5210 sacerdotem,
932 5126 995 5215 qui
1025 5126 1169 5197 erudire
1197 5128 1288 5196 alios
1311 5127 1529 5196 adsalutem
1555 5127 1703 5211 debeat;

201 5249 302 5342 longe
330 5272 420 5322 vero
445 5247 647 5338 indignius
663 5250 727 5338 qui
750 5251 849 5338 apud
874 5250 1050 5338 populum
1077 5250 1327 5340 magisterium
1352 5256 1520 5322 exerceat
1543 5250 1704 5320 christia·

201 5397 321 5450 nanim
361 5378 568 5458 virtutum,
591 5374 712 5462 ipsum
741 5375 891 5446 haerere
923 5375 961 5444 in
993 5397 1107 5446 caeno
1140 5375 1322 5446 vitiorum.
1353 5376 1480 5466 ltaque
1512 5376 1704 5446 admittere

195 5525 419 5597 quemquam
448 5501 489 5570 in
515 5520 642 5570 saeros
665 5499 826 5584 ordines
851 5501 920 5569 nisi
946 5500 1041 5571 intra
1058 5499 1251 5571 Seminarii
1276 5508 1380 5590 septa
1403 5500 1604 5592 legitimum
1629 5507 1704 5570 stu-
