4120 6284
1640 489 1673 546 sl

181 681 253 752 aut
276 697 330 750 ex
357 673 691 775 praescriptione
717 673 882 750 Summi
908 671 1128 748 Pontificis
1153 671 1282 749 alicui
1307 672 1440 748 officio
1464 672 1532 747 vel
1558 675 1674 772 operi

181 800 403 889 attributa,
426 803 540 878 sarta
558 803 669 877 tecta
687 799 726 877 ei
745 798 1041 886 servabuntur,
1063 801 1105 875 et
1121 798 1175 875 ab
1194 797 1324 875 huius
1342 798 1469 874 officii
1488 798 1676 874 modera-

182 926 344 1004 toribus
365 926 411 1002 in
430 926 740 1026 praescriptum
760 925 888 1001 finem
909 925 1208 1024 erogabuntur.

280 1053 343 1129 71.
365 1051 507 1131 Huius
525 1076 692 1152 quoque
710 1051 837 1129 officii
855 1052 934 1128 erit
952 1073 1098 1127 curam
1117 1049 1271 1126 habere
1290 1050 1341 1126 de
1360 1049 1677 1126 conservatione

187 1183 225 1257 et
255 1182 372 1258 reete
399 1181 587 1280 gestione
615 1178 824 1255 bonorum
852 1175 1166 1276 paroecianum,
1197 1175 1448 1275 praesertim
1476 1173 1679 1250 beneficio

191 1307 382 1393 vacante,
410 1305 452 1379 et
477 1303 682 1378 bonorum
710 1301 764 1377 ad
791 1301 883 1398 pias
910 1321 1060 1376 causas
1086 1299 1403 1398 pertinentium,
1431 1301 1616 1375 maxime
1644 1303 1679 1376 si

193 1430 271 1506 bae
287 1431 383 1528 piae
399 1451 550 1506 causae
566 1427 737 1527 propria
754 1450 802 1503 ac
818 1425 1022 1503 distincta
1038 1425 1407 1502 administratione
1425 1447 1450 1501 a
1465 1425 1681 1502 canonicis

193 1555 356 1656 legibus
374 1553 586 1654 recognita
602 1557 786 1630 careant.

288 1679 485 1756 711111
518 1680 763 1757 nummaria
799 1681 1034 1757 secundum
1071 1679 1299 1756 canonicas
1336 1699 1507 1753 normas
1545 1677 1678 1752 custo-

191 1807 342 1883 dietur.

295 1928 354 2003 73.
383 1929 476 2004 Duo
502 1931 719 2027 praeterea
745 1931 871 2006 erunt
896 1929 1117 2004 inferiores
1144 1926 1386 2004 administri
1413 1948 1439 2003 a
1466 1926 1684 2003 Cardinali

193 2055 362 2132 Vicario
384 2079 481 2132 cum
504 2055 809 2154 approbatione
832 2053 998 2131 Summi
1020 2051 1240 2130 Pontificis
1262 2051 1457 2152 eligendi,
1480 2049 1687 2149 praestita

193 2178 441 2278 pecuniaria
458 2176 665 2265 cautione,
684 2197 793 2277 quae
812 2174 1065 2274 respondeat
1083 2175 1186 2251 sorti
1203 2173 1271 2249 vel
1289 2175 1505 2274 pecuniae,
1526 2174 1577 2251 de
1597 2175 1687 2274 qui-

192 2302 269 2378 bus
290 2302 373 2400 ipsi
394 2303 572 2399 possunt
593 2300 825 2398 aliquando
846 2299 1089 2396 disponere:
1117 2299 1271 2396 eisque,
1295 2299 1331 2374 11
1352 2301 1580 2378 necessitas
1602 2302 1685 2378 exi-

191 2449 286 2526 gere
302 2426 511 2514 videatur,
528 2426 622 2502 dari
638 2427 791 2525 poterit
807 2448 832 2501 a
850 2425 1068 2502 Cardinali
1084 2424 1254 2502 Vicario
1270 2448 1367 2501 eum
1384 2425 1687 2525 approbatione

194 2551 358 2627 Summi
377 2551 596 2628 Pontificis
615 2551 770 2650 aliquis
788 2551 968 2628 adiutor.

294 2677 353 2752 74.
371 2676 491 2753 Alter
505 2679 693 2776 ipsorum
709 2679 1021 2754 ratiocinatoris
1036 2700 1210 2755 munere
1226 2679 1446 2780 iungetur:
1468 2677 1575 2757 alter
1589 2701 1689 2754 vero

193 2803 483 2879 distributoris
501 2806 541 2878 11
560 2805 743 2903 capsarii
762 2805 943 2881 officium
963 2807 1233 2905 potissimum
1253 2807 1435 2906 peraget.

291 2927 354 3004 75.
381 2927 569 3028 Singulis
591 2929 808 3008 mensibus
832 2933 1076 3009 Praefectus
1100 2930 1462 3008 administrationi
1482 2929 1689 3005 rationem

191 3055 339 3132 reddet
356 3054 577 3132 Cardinali
596 3055 766 3133 Vicario
787 3056 948 3156 accepti
970 3060 1011 3134 et
1031 3057 1218 3155 expensi.

296 3179 536 3273 Quotannis
559 3203 659 3257 vero
683 3183 895 3281 epitomen
920 3183 1053 3259 totius
1079 3183 1462 3260 administrationis
1487 3181 1691 3268 conficiet,

194 3303 495 3398 approbationi
526 3305 765 3384 Cardinalis
794 3307 839 3383 in
871 3308 984 3385 Urbe
1016 3307 1175 3384 Vioarii
1206 3311 1247 3384 et
1277 3307 1444 3384 Summi
1472 3306 1691 3383 Pontificio

195 3427 521 3506 subiiciendam.
1246 3453 1251 3464 ·

827 3609 980 3695 CAPnr
1013 3611 1064 3692 V.

544 3738 606 3817 De
636 3736 807 3819 interna
838 3737 1072 3820 officiorum
1103 3738 1348 3843 disciplina.

298 3911 361 3988 76.
389 3911 505 4006 Quae
528 3933 701 3988 normae
724 3913 836 3989 circa
857 3913 1070 3990 internam
1091 3913 1363 4011 disciplinam
1387 3916 1571 3992 statutae
1596 3917 1695 3992 sunt

199 4037 242 4114 in
264 4038 397 4115 sacris
416 4038 824 4138 Congregationibus
844 4039 1023 4138 aliisque
1044 4039 1085 4116 S.
1109 4038 1229 4116 Sedis
1249 4039 1408 4116 Officiis
1428 4043 1523 4138 post
1544 4041 1695 4118 consti-

198 4166 408 4242 tutionem
435 4165 629 4263 Sapieoti
654 4163 829 4240 coasilio
856 4166 1027 4242 eaedem
1054 4188 1151 4241 cum
1179 4165 1447 4262 proportione
1476 4169 1697 4242 serventur

199 4289 242 4366 in
261 4289 395 4367 variis
410 4290 653 4367 Vicariatus
672 4291 832 4367 officiis.

298 4415 556 4492 Praesertim
579 4438 678 4492 vero
702 4417 1000 4494 custodiantur
1022 4440 1131 4516 quae
1156 4420 1319 4495 statuta
1343 4420 1444 4494 sunt
1467 4419 1518 4494 de
1543 4419 1697 4494 iureiu-

206 4537 339 4614 rando
359 4537 616 4638 praestando
637 4561 685 4616 ac
706 4538 757 4614 de
778 4538 1008 4614 officiorum
1029 4539 1267 4638 disciplina.

303 4659 366 4734 77.
393 4659 570 4759 Singula
594 4663 776 4759 quatuor
795 4659 933 4737 officia
956 4661 1222 4738 tabularium
1242 4682 1381 4748 suum,
1409 4661 1536 4760 vulgo
1559 4669 1697 4760 proto-

206 4789 311 4862 collo
327 4786 560 4873 habebunt,
580 4785 626 4861 in
644 4809 727 4885 quo
745 4785 931 4862 recensio
949 4786 1029 4864 erit
1046 4809 1187 4863 rerum
1206 4788 1261 4862 ad
1278 4787 1386 4864 illud
1405 4786 1591 4864 officium
1611 4809 1701 4885 spe<

207 4913 430 5000 utentium,
457 4915 498 4988 et
519 4915 614 4989 acta
637 4915 677 4988 et
701 4913 956 4989 documenta
980 4911 1276 4999 servabuntur,
1305 4913 1355 4988 de
1380 4912 1535 5011 quibus
1560 4913 1701 4989 adhuc

208 5039 400 5139 quaestio
420 5061 510 5116 1111
530 5038 701 5137 poterit:
725 5037 877 5114 deinde
899 5039 953 5114 ad
975 5037 1199 5114 archivum
1220 5037 1457 5115 mittentur.

306 5164 369 5240 78.
394 5165 503 5242 Tum
528 5163 789 5241 tabularium
815 5165 908 5241 tum
936 5162 1158 5240 archivum
1185 5164 1343 5262 duplex
1370 5163 1462 5251 1111,
1493 5165 1699 5239 secretum

213 5291 338 5380 aliud,
364 5287 483 5368 aliud
507 5312 592 5366 non
614 5291 834 5367 secretum.

306 5397 368 5473 79.
396 5397 462 5472 Ex
489 5395 739 5483 bisantem,
769 5395 848 5472 etsi
874 5417 959 5470 non
988 5395 1170 5482 secretis,
1201 5395 1369 5470 nullum
1397 5396 1700 5472 documentum

214 5545 344 5624 neque
360 5521 581 5620 exemplar
595 5521 857 5610 extrahatur,
876 5543 1012 5620 neque
1030 5543 1127 5597 cum
1145 5520 1233 5597 ullo
1250 5520 1599 5608 communicetur,
1610 5517 1704 5626 nisi
