4120 6284
363 375 401 432 er
428 349 431 356 ’
679 376 757 430 neta
774 375 964 445 spontaneae
982 376 1080 432 seua.
1099 403 1119 418 -
1139 376 1400 433 mementorum
1420 378 1562 446 apaan

471 563 604 650 Quare,
629 563 760 632 saltem
777 583 822 632 err
839 561 1036 651 aequitate,
1054 563 1183 632 Patres
1207 561 1418 632 iudicarunt
1441 562 1677 633 tribuendum
1702 585 1782 634 esse
1806 564 1869 633 Ar·

366 689 641 778 chipresbytero
664 695 706 758 ut
721 688 880 759 resideat
896 687 934 758 in
951 689 1061 759 domo
1078 687 1264 758 Ecclesiae
1280 688 1491 759 cathedrali
1514 688 1696 759 adiacenti
1715 708 1871 778 eamque

367 814 415 884 ad
437 835 547 885 usum
579 813 820 886 habitationis
850 819 952 903 aptet
984 814 1062 886 suis
1094 813 1304 903 sumptibus
1328 815 1489 904 quidem,
1517 820 1554 884 et
1584 813 1873 903 independenter

367 963 390 1012 a
415 941 596 1031 Capitulo,
628 942 698 1012 sub
729 941 975 1030 dependentia
1006 947 1131 1011 tamen
1162 939 1209 1010 ab
1242 940 1449 1026 ordinario,
1480 946 1517 1011 et
1547 939 1692 1011 relectis
1716 938 1872 1023 damnis,

368 1088 464 1156 quae
487 1068 580 1136 forte
606 1067 776 1155 Capitulo
800 1067 933 1168 exinde
957 1065 1131 1136 obvenire
1154 1067 1311 1155 possint.

474 1193 583 1264 Hisce
608 1194 718 1284 igitur
741 1194 809 1264 rite
833 1194 1098 1285 diligenterque
1123 1193 1325 1282 perpensis,
1347 1193 1423 1262 Nos
1440 1179 1662 1280 infrascripti
1675 1189 1874 1260 Auditores

370 1317 415 1388 de
429 1319 554 1389 Turno
571 1341 637 1408 pro
655 1319 844 1389 Tribunali
862 1319 1046 1404 sedentes,
1060 1317 1197 1389 Christi
1212 1319 1361 1388 nomine
1378 1318 1559 1402 invocato,
1573 1322 1609 1386 et
1621 1316 1741 1387 solum
1754 1315 1873 1385 Deum

370 1465 457 1532 prae
474 1444 592 1516 oculis
608 1446 798 1530 habentes,
815 1445 1015 1535 propositis
1033 1445 1155 1517 dubiis
1171 1445 1456 1533 respondemus:

475 1570 533 1641 Ad
559 1572 631 1640 1.¹¹¹¹¹
651 1574 821 1660 Ncpultve
844 1577 895 1642 ud
912 1577 1077 1660 primam
1094 1576 1248 1658 portem,
1275 1575 1488 1662 affircmtiae
1510 1573 1561 1638 ud
1582 1571 1799 1650 amandum

476 1694 534 1765 Ad
556 1695 631 1764 bum
652 1698 873 1781 Affirmotice
885 1722 896 1780 ,·

478 1819 535 1890 Ad
559 1821 633 1889 3.¹¹”²
654 1822 898 1907 Affirmulive;

478 1943 535 2014 hd
557 1946 632 2013 hum
652 1947 872 2031 affirmative
888 1950 938 2015 ad
947 1953 1112 2033 meacm
1122 1949 1276 2034 portem,
1289 1948 1409 2034 quood
1424 1949 1625 2033 functiones
1640 1943 1877 2028 capitularem

373 2074 589 2157 affirmative
611 2073 661 2139 ud
683 2075 890 2157 secundum,
914 2075 1035 2160 quood
1057 2076 1259 2159 functiones
1277 2074 1531 2158 parochialem

478 2195 536 2266 Ad
559 2197 632 2265 5.¹¹¹¹¹
653 2198 881 2284 Affirmuta'cc,
907 2201 1036 2267 saltem
1058 2221 1102 2268 ecc
1125 2201 1315 2286 aequitate,
1338 2199 1403 2266 aab
1426 2197 1665 2283 depertdealto
1680 2197 1800 2261 lumen
1818 2193 1878 2260 Or·

375 2325 528 2406 dinarii,
552 2325 583 2391 et
605 2324 746 2408 refectis
768 2327 926 2408 domnio,
949 2346 1042 2412 quoe
1067 2325 1234 2410 Capitale
1256 2325 1417 2393 obvenire
1434 2327 1585 2408 poemat.

479 2448 536 2516 lta
566 2447 808 2534 decernimus
832 2449 1062 2519 declaramus
1085 2455 1122 2520 et
1145 2449 1424 2534 sententiamus,
1449 2453 1653 2518 statuente·
1681 2445 1791 2515 etiam
1814 2464 1874 2513 ex-

376 2594 511 2662 pensas
534 2594 616 2644 esse
640 2576 935 2664 compensandus
958 2575 1053 2646 inter
1076 2582 1211 2664 partes
1457 2563 1465 2578 ’

480 2699 534 2769 Ita
559 2702 856 2788 pronunciamus,
882 2703 1101 2774 mandantes
1126 2702 1333 2773 Ordinariis
1355 2703 1521 2773 locorum
1546 2705 1583 2771 et
1606 2695 1784 2768 ministris
1800 2692 1876 2764 Tri-

376 2825 579 2910 bunalium‚
599 2827 647 2896 ad
670 2847 766 2915 quos
788 2833 942 2915 spectat,
965 2833 1008 2897 ut
1030 2828 1239 2898 executioni
1271 2828 1448 2899 mandent
1471 2827 1567 2896 hane
1598 2828 1762 2893 nostram
1793 2817 1878 2889 defi-

376 2950 529 3020 nitivam
569 2951 799 3038 sententiam,
827 2958 864 3024 et
900 2954 1080 3024 adversus
1118 2955 1341 3026 reluctantes
1380 2953 1581 3042 procedant
1619 2949 1667 3019 ad
1704 2964 1873 3016 normam

377 3099 425 3148 ss.
444 3077 649 3162 Canonum,
674 3085 710 3148 et
733 3080 948 3166 praesertim
972 3103 1050 3166 cap.
1072 3087 1105 3166 3,
1128 3103 1214 3151 eaeo.
1238 3083 1346 3151 XXV
1363 3083 1415 3149 Dc
1437 3083 1579 3167 reform.
1606 3073 1744 3146 Concil.
1764 3067 1876 3152 Trid,
1974 3131 1980 3142 .

378 3205 423 3275 iis
453 3203 631 3276 adhibitis
658 3205 880 3277 exsecutivis
907 3211 944 3277 et
971 3207 1175 3277 coer-citius
1207 3207 1348 3290 mediis,
1380 3226 1475 3295 quae
1507 3200 1625 3292 magis
1652 3195 1813 3269 efficacia
1841 3200 1877 3264 et

380 3334 590 3417 opportuna
612 3350 680 3417 pro
703 3350 827 3400 rerum
849 3329 1034 3400 adiunctis
1057 3328 1239 3400 exstitura
1261 3329 1345 3399 sint.

484 3455 636 3541 Romae,
660 3457 682 3526 9
706 3456 934 3546 Septembris
960 3457 1056 3526 1911.

1231 3597 1394 3670 Aloisius
1419 3597 1580 3680 Sincero,
1604 3597 1753 3664 Ponena

1231 3725 1365 3814 Ioseph
1389 3721 1491 3794 Mori.

1230 3849 1438 3922 Fridericus
1462 3845 1618 3920 Cattani.

490 4033 561 4097 Soc.
584 4034 620 4096 Τ.
642 4033 922 4108 Tani,Notariua
945 4035 978 4098 S.
1000 4037 1039 4097 a.
1058 4036 1173 4096 Rotae.

490 4309 527 4363 Ν.
547 4308 582 4364 Β.
602 4337 639 4348 -
657 4305 773 4364 Contra
791 4307 871 4364 banc
890 4307 1077 4364 sententiam
1097 4305 1275 4380 Capitulum
1294 4303 1473 4378 appellavit.

1311 4483 1449 4540 Aleisius
1469 4479 1605 4548 Sincero,
1626 4483 1754 4536 Porsena.
