4120 6284
359 356 395 414 b0
667 357 745 412 Acta
762 355 952 426 Apostoliooe
971 354 1069 411 Sedis.
1088 382 1107 396 -
1127 355 1387 412 Commentariun
1408 355 1550 422 officiale.
1627 309 1632 320 ⁸

359 550 483 614 menta
505 543 626 633 capiat
637 548 675 614 et
696 543 734 611 in
751 525 929 613 Catholici
944 541 1105 611 nominis
1120 541 1258 611 bonum
1276 547 1386 631 atque
1402 542 1690 612 emolumentum
1714 542 1854 627 eadem,

358 655 503 741 favente
527 670 615 754 Deo,
639 667 756 758 magis
787 667 975 757 magisque
1004 671 1226 751 succrescat,
1251 664 1387 755 optetis
1417 666 1477 737 his
1503 667 1743 737 annuendum
1775 689 1857 756 pro·

357 803 476 884 pensa
494 795 682 864 voluntate
698 789 962 864 existimamus.
981 791 1103 878 Quare
1118 789 1178 862 his
1194 788 1349 875 Litteris
1364 790 1582 862 auctoritate
1598 792 1741 877 Nostra,
1757 791 1854 880 piam

360 918 545 990 Unionem
557 940 579 988 a
591 920 710 1007 prima
727 915 996 988 Communione
1013 917 1214 987 Puerorum
1232 916 1302 987 hae
1317 915 1355 985 in
1368 916 1474 987 Alma
1485 916 1585 988 Urbe
1599 918 1645 988 ad
1662 916 1697 988 S.
1712 917 1857 988 Claudii

362 1043 536 1114 canonice
560 1048 718 1114 erectam
742 1043 779 1112 in
797 1041 1011 1112 Primarram
1035 1062 1102 1130 pro
1124 1041 1298 1112 universo
1315 1041 1504 1112 Catholico
1518 1042 1616 1113 Orbe
1638 1050 1857 1132 perpetuum

361 1165 400 1235 in
425 1165 574 1237 modum
598 1163 772 1255 erigimus
795 1169 906 1253 atque
930 1159 1169 1248 instituimus,
1185 1162 1311 1253 illique
1334 1163 1524 1254 privilegia
1546 1164 1672 1235 omnia
1695 1171 1731 1236 et
1753 1187 1858 1254 prae-

361 1289 546 1379 rogativas
568 1289 776 1373 tribuimus
789 1308 884 1378 quae
900 1287 1086 1358 Primariis
1102 1287 1311 1358 Unionibus
1335 1288 1380 1358 de
1404 1287 1482 1359 iure
1498 1294 1721 1377 competunt.
1740 1290 1856 1360 Porro

362 1414 443 1502 piae
459 1413 614 1484 Unionis
630 1413 795 1483 eiusdem
811 1413 865 1482 sic
881 1411 919 1481 in
935 1412 1149 1482 Primariam
1167 1433 1233 1501 per
1249 1413 1278 1482 N
1282 1433 1324 1482 os
1345 1417 1486 1483 erectae
1503 1414 1723 1484 Moderatori
1745 1421 1857 1505 atque

363 1537 588 1609 Officialibus
612 1537 869 1625 praesentibus
892 1542 929 1607 et
950 1537 1094 1620 futuris,
1119 1536 1332 1624 Apostolica
1354 1536 1521 1608 similiter
1544 1537 1679 1608 Nostra
1693 1539 1858 1612 Auctori-

361 1670 447 1750 tate,
470 1685 535 1753 per
558 1668 770 1751 praesentes
801 1661 1056 1746 concedimus,
1080 1666 1122 1731 ut
1144 1661 1225 1750 ipsi,
1249 1661 1404 1732 servatis
1427 1662 1545 1733 forma
1570 1663 1856 1737 constitutionis

363 1787 561 1859 Clementis
585 1788 654 1858 ΡΡ.
678 1786 762 1856 VIII
787 1807 856 1857 rec.
881 1807 949 1856 me.
974 1785 1186 1856 Decessoris
1210 1786 1333 1857 Nostri
1349 1787 1505 1877 aliisque
1521 1787 1743 1876 Apostolicis
1766 1792 1859 1862 Con·

361 1912 613 1983 stitutionibus
637 1916 747 2002 atque
771 1911 1065 1982 ordinationibus
1088 1912 1247 1999 desuper
1269 1911 1399 1996 editis,
1421 1912 1515 1984 alias
1538 1934 1668 1985 omnes
1691 1916 1857 1988 eiusdem

360 2038 457 2108 tituli
480 2043 590 2127 atque
615 2037 773 2107 instituti
796 2037 875 2126 pias
891 2035 1055 2108 Uniones
1071 2037 1246 2106 canonice
1262 2036 1399 2126 ubique
1414 2043 1604 2124 terrarum,
1617 2039 1694 2110 sive
1718 2047 1858 2112 erectas

362 2163 400 2232 in
424 2183 599 2251 praesens
629 2162 706 2232 sive
730 2162 922 2251 erigendas
949 2161 986 2230 in
1014 2165 1219 2250 posterum,
1241 2162 1300 2231 vel
1330 2161 1440 2232 etiam
1471 2163 1609 2252 ubique
1644 2165 1855 2255 singillatim

361 2289 500 2373 fideles,
523 2287 592 2358 sibi
617 2307 813 2378 aggregare
836 2293 987 2377 queant3
1012 2292 1154 2357 etcum
1178 2286 1250 2356 illis
1274 2285 1521 2377 indulgentias
1537 2309 1667 2360 omnes
1690 2289 1760 2378 ipsi
1785 2292 1858 2361 Pri·

363 2413 499 2483 mariae
522 2412 660 2482 Unioni
684 2433 707 2481 a
730 2411 824 2482 Sede
848 2411 1061 2500 Apostolica
1084 2432 1289 2498 concessas,
1312 2432 1407 2501 quae
1431 2433 1515 2484 curn
1546 2413 1627 2484 aliis
1655 2416 1858 2487 communi-

362 2537 437 2608 cari
460 2537 615 2621 valeant,
639 2535 909 2606 communicare
932 2534 1030 2606 licite
1053 2535 1164 2605 etiam
1191 2535 1346 2623 possint.
1370 2536 1616 2608 Decernentes
1644 2545 1858 2627 praesentes

363 2662 519 2732 Litteras
542 2659 679 2744 firmas,
702 2659 845 2730 validas
868 2663 979 2748 atque
1003 2659 1168 2729 efficaces
1191 2680 1336 2747 semper
1358 2665 1483 2730 extare
1510 2681 1554 2731 ac
1576 2662 1671 2748 lore,
1696 2684 1857 2754 suosque

362 2788 492 2876 plenos
507 2791 618 2874 atque
634 2785 795 2874 integros
811 2783 964 2854 effectus
976 2783 1097 2854 sortiri
1109 2788 1146 2853 et
1158 2783 1333 2869 obtinere,
1346 2783 1491 2873 illisque
1508 2786 1555 2855 ad
1567 2807 1662 2875 quos
1679 2793 1857 2876 spectant,

362 2913 440 2983 sive
456 2917 621 3000 spectare
637 2913 820 2998 poterunt,
836 2909 1046 2998 plenissime
1068 2907 1275 2997 suffragari:
1293 2908 1418 2998 sicque
1434 2908 1502 2979 rite
1518 2909 1758 2982 iudicandum
1774 2933 1857 2984 esse

362 3057 405 3107 ac
428 3034 678 3105 definiendum
694 3033 909 3122 irritumque
930 3039 967 3103 et
989 3031 1098 3102 inane
1121 3031 1210 3118 fieri,
1227 3031 1258 3102 si
1275 3053 1383 3103 secus
1398 3032 1600 3123 quidquam
1622 3037 1818 3123 superbis,
1835 3058 1860 3106 a

362 3159 506 3250 quovis
530 3157 746 3228 auctoritate
770 3157 946 3246 qualibet,
960 3157 1119 3228 scienter
1133 3155 1211 3227 sive
1228 3156 1448 3247 ignoranter,
1465 3159 1637 3229 attentari
1652 3161 1857 3251 contigerit.

364 3285 446 3354 Non
470 3283 704 3354 obstantibus
728 3281 922 3353 contrariis
945 3282 1249 3371 quibuscumque.

467 3408 603 3479 Datum
626 3408 766 3476 Rornae
795 3406 894 3493 apud
926 3405 962 3476 S.
988 3406 1137 3476 Petrum
1160 3406 1230 3477 sub
1259 3407 1398 3476 annulo
1423 3407 1632 3494 Piscatoris,
1664 3409 1722 3480 die
1746 3430 1783 3479 1v
1807 3411 1862 3480 la-

363 3531 483 3603 nuarii
507 3551 710 3617 uncoocxrr,
735 3528 975 3600 Pontificatus
1000 3529 1122 3600 Nostri
1146 3551 1245 3600 anno
1269 3551 1379 3600 nono.

1318 3691 1360 3761 R.
1386 3691 1498 3762 Cano.
1523 3693 1654 3764 linear
1675 3715 1745 3764 nnc
1773 3695 1863 3779 Van,

467 3821 505 3889 L.
530 3821 573 3908 ffl
598 3820 633 3890 S.
1398 3840 1423 3886 a
1446 3819 1595 3889 Sacratis
1617 3820 1751 3890 Statue.

1083 4174 1136 4257 ΙΙ.

364 4373 517 4424 rrrunus
529 4372 716 4422 assumas
729 4371 878 4422 ursolus
892 4371 963 4422 reo
975 4371 1238 4422 varosrrssrrro
1251 4372 1396 4423 rumano
1410 4372 1630 4424 ranoosmm
1642 4375 1715 4424 nno
1726 4375 1861 4424 uronro

468 4499 504 4546 ru
528 4497 706 4547 sonorum
738 4496 766 4546 s.
791 4496 1044 4546 Pnrnrnncnln
1076 4495 1227 4562 rosnrrr,
1251 4497 1430 4547 narratum
1459 4497 1618 4547 vrnonrrs
1650 4497 1861 4564 srous1,rn

467 4622 632 4672 crvrrsrrr
657 4609 893 4671 soundnnnsr.

978 4761 1086 4832 PIUS
1112 4762 1181 4831 ΡΡ.
1205 4762 1249 4831 Χ.

422 4953 423 4958 ,
466 4905 523 4974 Ad
547 4909 762 4993 perpetuam
785 4902 837 4974 rei
861 4904 1086 4973 memoriam.
1104 4944 1147 4954 -
1163 4904 1341 4975 Catholici
1360 4905 1469 4976 Orbis
1486 4905 1754 4994 praestantiora
1769 4911 1861 4976 tem·

363 5031 441 5120 pla,
465 5050 560 5119 quae
591 5029 649 5098 vel
681 5027 788 5098 molis
819 5027 1061 5115 amplitudine
1085 5034 1121 5098 et
1151 5027 1357 5118 insignibus
1386 5028 1475 5100 artis
1506 5030 1778 5114 monumentis,
1801 5031 1861 5101 vel

364 5155 584 5226 Sanctorum
599 5153 742 5224 exuviis
758 5158 794 5222 et
806 5151 958 5242 antiqua
970 5152 1132 5223 fidelium
1145 5153 1320 5243 religione
1332 5154 1594 5244 praefulgeant,
1607 5155 1860 5225 Romanorum

364 5279 582 5350 Pontificum
599 5279 840 5349 Decessorum
855 5278 1072 5348 Nostrorum
1084 5279 1250 5369 vestigiis
1261 5278 1467 5365 haerentes
1484 5279 1731 5370 singularibus
1742 5280 1862 5350 tituIIs

361 5423 404 5474 ac
428 5401 627 5492 privilegiis
651 5403 892 5472 cohonestare
917 5403 1090 5473 solemus.
1116 5403 1194 5472 Iam
1218 5424 1305 5473 vero
1329 5408 1476 5474 constat
1498 5404 1663 5493 apprime
1686 5393 1861 5479 vetustis-
