4120 6284
383 396 421 454 88
693 401 770 456 Acta
787 401 977 470 Apostoltcoc
996 400 1093 456 Sedis.
1113 427 1131 440 -
1152 399 1411 456 Commentariun
1432 355 1574 468 officiolo.

386 581 443 652 Ad
466 603 543 652 rem
561 583 740 653 Ferraria:
759 611 777 646 1
796 583 1044 654 Canonicatus
1061 582 1338 654 Poenitcutialis
1362 605 1438 652 non
1461 589 1583 672 potest
1599 584 1738 672 optari;
1762 607 1881 675 neque

388 735 406 770 «
423 707 734 780 Poeuitentiarius
756 713 879 798 potest
902 709 1010 778 aliam
1035 708 1282 797 praebendam
1304 713 1442 796 optare,
1459 708 1546 798 quia
1570 710 1618 779 ad
1640 731 1723 779 eam
1739 709 1883 781 videtur

388 860 406 895 «
422 833 539 903 electa
561 833 745 904 industria
767 853 981 922 personae...
999 860 1030 902 ».
1048 832 1119 903 Cfr.
1137 832 1230 902 Bibl.
1249 833 1391 904 Canon.
1407 856 1440 903 r.
1459 835 1712 920 Oeneonicetns,
1731 839 1800 904 ort.
1817 837 1879 921 lX,

386 979 422 1026 n.
440 963 492 1027 64.
510 958 557 1027 Et
570 959 662 1028 haec
678 957 748 1028 luit
769 957 894 1047 praxis
909 961 1087 1029 constans
1103 959 1203 1046 apud
1221 957 1256 1028 S.
1275 958 1313 1029 C.
1332 957 1497 1043 Concilii,
1513 980 1626 1047 quam
1643 959 1772 1029 eadem
1790 959 1824 1029 S.
1843 959 1882 1030 C.

387 1090 514 1152 secuta
530 1087 586 1153 est
601 1083 710 1153 etiam
728 1083 766 1152 in
779 1082 853 1152 alio
864 1104 954 1153 casu
967 1083 1138 1171 optionis,
1151 1083 1215 1172 qui
1228 1083 1386 1155 occurrit
1397 1106 1455 1154 an.
1475 1085 1562 1154 1716
1577 1084 1616 1154 in
1627 1084 1709 1172 ipsa
1721 1084 1886 1155 Ecclesia

388 1207 622 1278 Melevitana:
647 1230 728 1279 cum
748 1207 846 1279 enim
870 1208 948 1278 iure
972 1208 1133 1298 optionis
1151 1208 1359 1279 Canonicus
1376 1209 1686 1280 Poenitentiarius
1702 1209 1887 1300 Marsiglia

387 1352 569 1402 unacum
592 1333 675 1402 aliis
699 1332 868 1421 petiverit
891 1332 1149 1403 canonicatum
1175 1361 1193 1396 «
1213 1335 1263 1402 To
1289 1336 1388 1402 (iter
1410 1337 1535 1404 Beroe
1551 1362 1588 1420 »,
1615 1339 1652 1405 et
1676 1334 1885 1423 Capitulum

387 1457 439 1527 illi
463 1458 711 1546 praebendam
727 1457 1004 1544 adiudicaverit,
1022 1459 1230 1530 Canonicus
1247 1459 1376 1542 Grech,
1392 1480 1490 1530 unus
1514 1481 1559 1530 ex
1583 1459 1809 1549 optantibus,
1824 1481 1889 1548 ap-

388 1582 539 1670 pellavit
571 1584 620 1653 ad
644 1584 680 1653 S.
706 1584 744 1655 C.
770 1583 934 1668 Concilii,
958 1604 1053 1672 quae
1088 1583 1274 1671 optionem
1313 1582 1488 1655 Canonici
1524 1584 1709 1674 Marsiglia
1742 1604 1890 1654 revoca-

387 1705 448 1776 vit.
474 1747 493 1758 -
517 1708 690 1778 Attamen
714 1708 822 1779 etiam
849 1708 1058 1778 Canonicus
1082 1706 1393 1778 Poeniteutiarius
1416 1709 1468 1798 (et
1491 1707 1585 1778 idem
1623 1706 1820 1778 dicendum
1843 1708 1891 1776 de

389 1830 576 1903 Canonico
600 1833 802 1922 Theologo)
828 1838 955 1921 optare
989 1836 1113 1919 potest
1135 1831 1247 1901 aliam
1282 1831 1549 1919 praebendam,
1574 1831 1775 1902 dummodo
1798 1836 1889 1901 tem-

244 1976 249 1986 ·
387 1977 477 2044 pore
500 1957 581 2027 utili
605 1957 765 2046 resignet
787 1956 943 2028 officium
970 1961 1005 2027 et
1028 1957 1276 2045 praebendam
1302 1955 1340 2024 in
1364 1955 1538 2026 manibus
1562 1955 1745 2045 Episcopi,
1769 1955 1892 2025 ethic

388 2086 561 2168 acceptet.
587 2081 644 2150 lta
677 2081 784 2151 docet
807 2079 1010 2150 Pallottini:
1037 2108 1055 2143 «
1074 2079 1261 2150 Canonico
1285 2079 1472 2169 Theologo
1486 2079 1598 2168 (idem
1621 2079 1819 2150 dicendum
1843 2079 1891 2148 de

390 2232 409 2268 <
427 2205 726 2292 Poenitentiario)
743 2209 949 2293 competere
965 2209 1088 2293 potest
1102 2204 1161 2274 ius
1177 2204 1340 2293 optandi,
1356 2203 1387 2274 si
1402 2204 1651 2292 praebendam
1667 2223 1752 2274 cum
1768 2202 1891 2273 officio

391 2360 409 2395 «
427 2331 465 2401 in
489 2331 662 2402 manibus
685 2329 857 2419 Episcopi
881 2352 926 2401 ea
946 2330 1026 2420 lege
1050 2351 1225 2419 expressa
1248 2329 1418 2418 resignet,
1431 2334 1473 2399 ut
1495 2333 1686 2399 vacantem
1711 2329 1892 2418 praeben-

390 2485 408 2520 «
426 2457 512 2526 dam
542 2463 669 2545 optare
694 2455 764 2526 sibi
786 2456 944 2526 liberum
972 2455 1037 2542 sit,
1061 2461 1172 2544 atque
1196 2455 1403 2543 Episcopus
1426 2475 1471 2524 ex
1494 2455 1591 2525 iusta
1626 2475 1739 2525 causa
1763 2453 1894 2524 huius-

390 2608 408 2643 «
426 2579 526 2648 modi
549 2579 834 2670 resignationem
856 2579 1075 2649 admittat».
1101 2577 1172 2650 (111.
1190 2577 1338 2649 Collect.
1365 2577 1457 2648 SC.
1479 2578 1529 2662 C,
1554 2582 1574 2646 1.
1599 2579 1696 2663 XlV,
1718 2601 1749 2647 1.
1776 2580 1891 2664 Optio,

388 2727 424 2773 n.
447 2711 502 2774 25.
528 2704 570 2773 ld
591 2705 772 2774 vero·cit
795 2707 923 2774 auctor
957 2703 1090 2792 probat
1120 2723 1196 2792 seq.
1220 2703 1445 2773 resolutione
1470 2702 1506 2772 S.
1532 2701 1570 2772 C.
1596 2701 1769 2786 Concilii,
1792 2723 1893 2792 quae

389 2831 437 2899 ad
461 2827 613 2900 dubium
646 2857 664 2892 1
681 2829 740 2898 An
764 2828 950 2901 Canonico
974 2829 1028 2898 De
1052 2829 1161 2912 Luca,
1185 2827 1371 2917 resignata
1405 2848 1488 2898 cum
1524 2825 1643 2897 officio
1678 2827 1894 2914 praebenda

392 2994 409 3029 «
427 2963 624 3054 theologali
647 2963 685 3033 in
710 2963 881 3033 manibus
905 2961 1090 3052 Episcopi,
1114 2965 1299 3050 competat
1325 2961 1385 3031 ius
1408 2960 1570 3049 optionis
1594 2960 1632 3030 in
1656 2961 1810 3031 casui»
1836 2983 1894 3031 re-

391 3091 555 3180 spondit:
582 3118 601 3154 ‹
617 3089 844 3160 Affirmative
861 3117 891 3160 ».

496 3216 594 3298 Quod
627 3217 753 3284 attinet
776 3216 826 3283 111
848 3217 996 3300 sedem.
1021 3253 1040 3264 -
1066 3212 1214 3283 Certum
1250 3216 1307 3282 est
1331 3211 1556 3282 Canonicum
1582 3209 1764 3298 Ciappara
1797 3211 1895 3280 obti-

393 3341 527 3424 nuisse,
551 3345 587 3410 et
610 3339 720 3409 etiam
746 3360 846 3409 nunc
869 3337 1034 3409 obtinere
1069 3338 1329 3427 praebendam,
1353 3336 1423 3422 cui,
1438 3357 1482 3406 er
1505 3336 1678 3407 facultate
1714 3355 1895 3406 concessa

391 3487 414 3534 a
438 3465 473 3535 S.
499 3465 538 3536 C.
552 3463 715 3551 Concilii,
746 3464 929 3534 adnexum
954 3463 1024 3533 fuit
1045 3463 1083 3533 in
1108 3469 1337 3552 perpetuum,
1362 3461 1524 3532 officium
1547 3466 1585 3531 et
1606 3460 1736 3530 titulus
1760 3460 1895 3530 Poeni·

390 3588 624 3673 tentieratus;
648 3586 802 3675 proinde
826 3585 1361 3664 Canonicus,Poenitentiarius
1377 3585 1507 3656 Ebeier
1529 3585 1690 3674 quaudo,
1707 3589 1834 3672 optata
1855 3590 1895 3654 et

391 3717 542 3785 obtenta
572 3713 782 3802 praebenda
806 3740 825 3776 <
842 3713 877 3781 S.
907 3715 1062 3782 Veneres
1078 3739 1108 3796 »,
1125 3712 1163 3782 in
1179 3712 1276 3782 hanc
1298 3711 1486 3780 transtulit
1509 3709 1672 3780 officium
1696 3709 1895 3780 Poeniten-

390 3841 561 3924 tieratus,
585 3837 734 3908 nonnisi
764 3817 954 3908 arbitraris
978 3837 1015 3906 id
1038 3837 1239 3925 praestitit;
1263 3837 1351 3906 dum
1386 3834 1509 3924 reipsa
1532 3835 1578 3905 de
1601 3834 1680 3905 iure
1703 3835 1893 3905 adnexum

391 3965 564 4034 manebat
586 3962 828 4052 praebendae,
847 3983 958 4051 quam
986 3960 1198 4031 Canonicus
1223 3961 1405 4049 Ciappara
1428 3959 1620 4029 actualiter
1644 3958 1821 4048 possidet.
1839 3961 1896 4030 Ve

391 4110 471 4159 rum
490 4109 572 4158 curn
589 4092 731 4157 constet
748 4085 975 4156 Canonicum
993 4084 1174 4174 Ciappara
1190 4085 1390 4172 praefatam
1415 4084 1663 4173 praebendam
1679 4089 1893 4155 assecutum

392 4236 473 4285 esse
501 4219 593 4283 citro
616 4234 836 4294 concersnm,
851 4232 918 4281 seu
941 4215 1069 4281 contra
1092 4211 1247 4280 formam
1266 4231 1288 4278 a
1304 4209 1504 4279 Benedioto
1520 4208 1608 4278 Xlll
1629 4209 1895 4298 praescriptam

392 4362 459 4429 pro
476 4337 582 4408 ltalia
598 4344 635 4407 et
651 4337 786 4407 insulis
810 4335 1064 4405 adiacentibus
1088 4357 1153 4424 per
1170 4335 1324 4405 Constit.
1350 4362 1368 4397 «
1386 4337 1590 4404 Postorolis
1608 4337 1720 4419 Officii
1735 4357 1766 4419 »3
1790 4335 1898 4406 iuxta

392 4465 488 4534 hanc
501 4461 810 4533 Constitutiouem
834 4460 981 4532 collatio
1002 4482 1078 4529 non
1094 4460 1204 4530 modo
1229 4459 1297 4529 fuit
1313 4480 1465 4547 prorsus
1488 4458 1602 4542 nulla,
1615 4460 1681 4530 sed
1704 4465 1898 4547 praeterea

392 4611 492 4661 nunc
510 4589 544 4659 S.
563 4587 649 4658 Sedi
673 4587 847 4656 devoluta
870 4591 934 4656 est.
952 4625 971 4636 -
989 4585 1176 4674 Numquid
1190 4583 1261 4654 hos
1286 4585 1450 4655 delectus
1474 4605 1605 4654 sanare
1629 4583 1748 4672 potuit
1768 4587 1898 4670 repnte

392 4719 434 4783 de
450 4716 626 4782 tricenali
643 4715 896 4798 possessione?
921 4709 1060 4779 Saltem
1083 4708 1313 4798 probabilius
1336 4709 1547 4798 negandum
1563 4712 1629 4777 est.
1648 4708 1745 4778 Sane
1769 4709 1899 4796 regula

391 4838 436 4907 de
451 4834 623 4907 triennali
640 4834 809 4903 innititur
825 4837 927 4903 titolo
943 4835 1096 4902 colorato
1112 4837 1143 4902 et
1150 4837 1372 4918 possessione
1391 4835 1559 4920 lapitime.
1586 4860 1604 4895 «
1623 4830 1737 4900 Porro
1753 4831 1897 4916 titulus,

395 4991 412 5025 «
431 4961 483 5031 ait
514 4959 748 5044 D’Annibale,
772 4979 923 5027 console
957 4957 1139 5046 significat
1168 4960 1221 5046 (L.
1247 4963 1300 5042 13,
1325 4960 1367 5024 de
1392 4959 1492 5042 petit.
1516 4956 1657 5045 1111111).
1686 4957 1751 5025 Est
1786 4956 1898 5046 igitur

394 5114 412 5149 «
429 5085 570 5169 titulus,
594 5106 668 5173 quo
693 5083 751 5152 ius
775 5082 924 5172 aliquod
950 5082 1057 5152 nobis
1087 5081 1297 5170 acquiritur.
1323 5081 1525 5151 Deducitur
1548 5079 1586 5148 in
1609 5103 1741 5169 cerem,
1765 5083 1897 5150 colore·

394 5239 412 5274 ‹
431 5214 506 5278 taen
529 5213 560 5278 11
578 5211 797 5295 potentianam.
816 5209 926 5274 Veros
950 5205 1091 5290 dicitur,
1117 5205 1174 5274 cui
1198 5204 1291 5274 nihil
1315 5206 1418 5274 deest
1440 5209 1482 5274 ut
1505 5203 1573 5287 ius,
1598 5204 1643 5274 de
1667 5225 1741 5292 quo
1765 5203 1896 5292 agitur,

394 5363 412 5398 <
429 5335 627 5404 transferre
651 5331 785 5422 possit;
810 5334 996 5414 coloratus,
1023 5330 1080 5400 cui
1110 5328 1230 5418 specie
1254 5334 1362 5399 tenus
1386 5329 1479 5398 nihil
1502 5330 1629 5399 deesse
1654 5328 1809 5413 videtur,
1830 5328 1896 5398 sed

396 5487 414 5522 «
431 5480 560 5529 revera
583 5457 726 5528 occulto
742 5455 831 5525 vitio
854 5455 1007 5539 laborat,
1024 5455 1180 5543 ideoque
1204 5453 1296 5523 nihil
1311 5454 1501 5538 translert;
1526 5454 1673 5522 demum
1692 5456 1894 5538 peterten,
