4038 6274
375 517 428 574 158
695 519 772 573 Acta
790 518 979 588 Apostolicoc
998 517 1095 574 Sedis
1115 544 1133 557 -
1154 517 1414 573 Commentortum
1434 519 1573 586 officiale.

376 731 394 767 «
412 703 468 773 vel
492 703 659 792 ignorata
682 702 801 788 fuerit,
825 702 1026 791 detegatur,
1050 701 1187 772 resumi
1211 707 1368 790 possunt
1391 707 1428 772 et
1449 724 1579 774 rursus
1602 705 1640 773 in
1663 704 1864 776 iudicialem

377 821 699 899 «controversiam
724 827 934 898 revocari».
961 827 1246 898 -Communem
1278 829 1478 898 Doctorum
1510 830 1728 900 sententiam
1760 853 1867 920 super

376 953 616 1044 intelligentia
639 958 675 1022 et
699 952 943 1042 applicatione
968 951 1149 1022 eiusmodi
1175 952 1363 1043 privilegii,
1380 953 1433 1023 ita
1455 953 1613 1043 explicat
1634 955 1867 1026 Reiffenstucl

377 1083 434 1168 (dc
457 1081 1000 1155 smt.etreiuo.an.135-1ac)
1025 1076 1215 1165 inquiens:
1242 1105 1260 1140 «
1278 1078 1458 1149 Remanet
1481 1080 1579 1168 quod
1606 1081 1787 1151 sententia
1809 1081 1869 1150 illa

378 1233 396 1268 «
414 1225 509 1294 qnae
533 1224 608 1273 non
631 1201 765 1273 transit
780 1203 818 1272 in
835 1223 909 1273 rem
927 1201 1125 1272 iudicatam
1149 1208 1233 1290 post
1256 1202 1400 1290 lapsum
1425 1203 1604 1289 decennii,
1621 1204 1740 1276 solum
1756 1205 1871 1294 possit

379 1328 603 1400 «retractari
638 1349 702 1416 per
737 1326 834 1397 viam
869 1327 1039 1416 querelae
1042 1381 1094 1396 .....
1131 1328 1289 1413 Querela
1319 1333 1442 1416 potest
1464 1330 1636 1418 cognosci
1667 1331 1714 1400 ab
1744 1332 1870 1401 eodem

379 1483 398 1518 «
415 1453 534 1523 iudice
557 1451 621 1543 qui
646 1452 879 1536 sententiam,
903 1455 1033 1522 contra
1055 1472 1167 1539 quarn
1191 1472 1277 1539 pars
1297 1452 1518 1540 querelatur,
1537 1453 1682 1538 tulerat,
1701 1459 1812 1543 atque
1830 1455 1872 1539 ie,

379 1608 398 1643 <
416 1577 633 1667 interposita
655 1597 776 1646 coram
804 1597 844 1646 se
868 1575 1029 1665 querela,
1045 1575 1245 1664 praemittit
1268 1575 1505 1645 summarium
1521 1577 1601 1647 eius
1618 1578 1873 1668 cognitionem,

381 1733 398 1767 «
416 1725 464 1772 an
488 1701 658 1772 videlicet
692 1701 869 1791 allegetur
903 1700 1028 1789 aliqua
1061 1699 1269 1771 verisimilis
1301 1705 1337 1770 et
1364 1701 1567 1789 probabilis
1601 1723 1714 1772 cansa
1749 1723 1875 1792 quere-

382 1827 516 1898 ‹landi
534 1854 552 1890 »
557 1880 609 1898 .....
633 1825 841 1915 Appellatio
866 1830 988 1896 autern
1012 1846 1107 1914 quae
1131 1824 1386 1913 interponitur,
1410 1825 1446 1894 vi
1474 1826 1659 1898 enunciati
1687 1826 1875 1918 privilegii,

380 1974 524 2043 semper
549 1952 620 2022 vim
643 1951 758 2021 habet
780 1952 961 2040 querelae,
977 1971 1045 2022 seu
1068 1949 1532 2037 extraordinariiremedii,
1548 1952 1596 2021 ad
1611 1953 1876 2024 removendum

381 2077 586 2170 periculum
610 2077 765 2162 animae,
789 2076 843 2146 uti
867 2076 1061 2164 perpendit
1083 2076 1179 2146 idem
1204 2075 1307 2146 Reiff.
1333 2077 1355 2145 l.
1379 2098 1406 2144 c.
1429 2098 1492 2145 nn.
1517 2081 1584 2146 118
1605 2081 1637 2144 et
1661 2082 1750 2160 137,-

441 2269 446 2279 .
483 2207 518 2294 b)
542 2205 653 2295 quod,
677 2203 843 2292 proinde,
868 2223 943 2272 non
970 2207 1027 2272 est
1054 2223 1076 2272 a
1102 2202 1265 2273 secunda
1295 2202 1471 2272 instantia
1499 2202 1546 2272 ad
1576 2203 1721 2272 tertiam
1753 2223 1880 2292 proce·

383 2330 555 2413 dendum,
579 2326 650 2397 nisi
674 2325 814 2415 aliquid
846 2325 932 2395 novi
963 2326 1165 2414 detegatur,
1194 2325 1308 2396 idest:
1337 2325 1395 2394 vel
1424 2345 1560 2395 novum
1590 2331 1701 2414 caput
1730 2346 1880 2396 accusa·

382 2453 513 2538 tionis;
538 2452 597 2522 vel
626 2471 724 2520 nova
755 2451 879 2540 aliqua
911 2449 1052 2538 species
1082 2449 1332 2538 probationis;
1360 2449 1417 2519 vel
1447 2470 1585 2519 novum
1617 2450 1880 2521 documentum

383 2578 484 2668 quod
507 2576 658 2666 aliquod
680 2573 765 2645 iacti
791 2573 1002 2644 adiunctum
1029 2574 1088 2644 vel
1118 2574 1239 2662 ipsum
1271 2574 1409 2644 factum
1439 2575 1664 2662 comprobet,
1688 2574 1747 2644 cui
1770 2576 1882 2663 potis·

384 2701 519 2772 simum
553 2700 733 2770 innitatur
768 2699 870 2768 valor
893 2705 930 2770 ct
952 2699 1009 2768 vis
1032 2698 1258 2768 instauratae
1294 2698 1561 2784 accusationis3
1597 2699 1700 2768 salvo
1735 2719 1883 2788 semper

385 2825 463 2896 iure
488 2824 659 2913 partium,
683 2823 759 2894 sive
782 2822 984 2911 respective
1007 2821 1220 2893 Defensoris
1243 2822 1392 2909 vinculi,
1407 2822 1516 2892 etiam
1534 2823 1713 2893 adversus
1735 2829 1885 2894 senten·

387 2951 484 3035 tiam,
508 2948 660 3020 alterius
683 2947 886 3019 sententiae
910 2947 1230 3033 confirmatoriam,
1247 2948 1359 3018 latam
1375 2948 1424 3017 ab
1441 2947 1656 3032 Ordinariis,
1671 2949 1884 3018 recurrendi

385 3077 432 3146 ad
457 3075 493 3145 S.
511 3074 655 3159 Sedem,
678 3073 732 3143 uti
757 3079 862 3144 cavet
886 3073 1083 3143 instructio
1108 3073 1142 3143 S.
1162 3072 1279 3143 Officii
1295 3074 1341 3143 ld
1355 3073 1445 3145 iunii
1464 3073 1550 3143 1883
1566 3073 1586 3165 ὅ
1602 3075 1665 3144 t8:
1685 3103 1702 3137 «
1722 3073 1759 3144 Si
1783 3079 1886 3144 utra-

386 3228 405 3264 «
422 3220 495 3288 que
519 3197 702 3269 sententia
725 3196 835 3268 fuerit
858 3218 924 3286 pro
949 3196 1138 3268 validitate
1162 3197 1395 3284 matrimonii,
1411 3198 1504 3269 sciat
1518 3205 1642 3269 tamen
1665 3221 1752 3288 pars
1768 3199 1888 3288 impu·

335 3373 338 3380 λ
387 3353 405 3388 «
422 3344 541 3414 gnane
565 3321 853 3406 matrimonium,
870 3321 939 3391 sibi
963 3321 1085 3392 adhuc
1108 3321 1259 3392 omnino
1283 3327 1408 3411 patere
1431 3321 1715 3412 appellationem
1731 3324 1779 3394 ad
1794 3345 1888 3412 apo

388 3476 406 3511 «
423 3447 589 3517 stolicam
616 3446 746 3516 Sedem
766 3469 803 3530 »3

489 3575 520 3660 c)
546 3571 646 3661 quod
670 3569 806 3641 Iudicis
830 3573 886 3641 est
909 3571 1103 3641 decernere
1121 3591 1168 3640 an
1183 3592 1281 3640 nova
1296 3571 1457 3659 expetita
1479 3572 1672 3642 instructio
1697 3571 1888 3643 contineat

387 3696 548 3786 aliquam
576 3717 652 3766 rem
683 3715 832 3780 novam,
856 3694 914 3764 vel
946 3694 993 3764 ad
1023 3694 1119 3765 hanc
1151 3695 1390 3784 detegendam
1419 3695 1626 3782 ordinetur;
1651 3717 1718 3766 ceu
1750 3697 1888 3767 docent

388 3822 575 3906 Doctores,
591 3820 645 3891 uti
670 3819 775 3890 Reiff.
794 3822 816 3888 t.
832 3841 911 3905 sup.
935 3841 962 3888 c.
973 3846 983 3888 :
1007 3847 1025 3882 «
1044 3819 1158 3890 Iudex
1175 3825 1295 3889 autem
1314 3811 1389 3889 non
1406 3821 1514 3891 debet
1529 3820 1743 3909 simpliciter
1758 3822 1889 3891 admit-

389 3974 407 4010 «
423 3951 501 4017 tere
524 3945 795 4034 querelantem;
818 3947 881 4013 aad
903 3947 1035 4030 oportet
1050 3947 1090 4012 at
1100 3949 1210 4030 prius
1225 3983 1245 3996 -
1261 3949 1494 4014 cammorttcr
1507 3948 1635 4014 cottam
1652 3984 1669 3999 ·
1686 3967 1759 4015 cccc
1773 3949 1889 4032 infor-

389 4100 408 4135 «
425 4074 492 4138 nect
509 4070 554 4139 de
571 4068 710 4139 iustitia
733 4068 904 4157 querelae
921 4073 957 4138 et
972 4067 1153 4138 iniustitia
1176 4068 1390 4152 sententiae,
1413 4090 1467 4155 ac,
1490 4074 1631 4156 copnito
1651 4074 1706 4139 rei
1728 4073 1888 4154 veritate,

390 4198 596 4264 «retractet
619 4191 839 4263 sententiam
857 4217 897 4261 »:
922 4198 960 4262 et
981 4193 1155 4263 directius
1171 4194 1220 4263 ad
1237 4214 1311 4264 rem
1330 4193 1510 4282 Synopsis
1534 4193 1780 4283 Pirhingiana,
1799 4197 1820 4263 t.
1838 4197 1887 4264 Π.

390 4320 513 4386 Deerat
538 4322 559 4386 t.
583 4319 751 4403 XXVIII,
777 4321 855 4387 sect.
879 4318 926 4402 II,
950 4317 970 4407 g
993 4322 1038 4386 3:
1062 4317 1288 4388 «Sententia
1319 4323 1447 4388 contra
1474 4317 1674 4408 legitimum
1704 4317 1889 4388 matrimo-

392 4469 410 4504 «
426 4439 529 4510 nium
561 4440 702 4509 adhoc
729 4440 1005 4510 dissolvendum
1034 4440 1118 4525 lata,
1142 4441 1200 4511 vel
1231 4461 1325 4530 quae
1356 4441 1433 4511 lata
1462 4441 1530 4511 fuit
1561 4463 1628 4530 pro
1652 4439 1888 4510 matrimonio

392 4595 410 4630 «
427 4565 533 4654 quasi
556 4563 715 4654 legitime
740 4565 829 4634 illud
854 4569 1081 4635 contractum
1106 4565 1247 4650 fuisset,
1271 4588 1355 4637 cum
1378 4573 1503 4636 tamen
1529 4566 1671 4636 nullum
1703 4566 1761 4653 sit,
1785 4587 1889 4637 num·

392 4719 411 4754 <
428 4711 537 4780 quam
562 4688 695 4759 transit
718 4689 756 4759 in
779 4710 856 4759 rem
880 4688 1100 4774 iudicatam3
1125 4711 1210 4760 cum
1233 4711 1377 4779 semper
1400 4693 1448 4762 ad
1471 4691 1561 4762 illud
1576 4691 1887 4781 reintegrandum,

392 4843 411 4878 «
428 4814 486 4885 vel
509 4813 557 4883 ad
580 4813 651 4883 hoc
675 4812 951 4883 dissolvendum
968 4816 1005 4882 et
1019 4815 1287 4884 retractandam
1314 4815 1543 4900 sententiam,
1567 4814 1713 4904 quoties
1728 4835 1889 4904 comper-

393 4967 412 5002 «
427 4945 504 5009 tum
531 4938 639 5008 luerit
663 4959 745 5008 cnm
771 4959 891 5008 errore
923 4939 1084 5028 quodam
1117 4940 1229 5009 latam
1261 4939 1387 5025 fuisse,
1410 4939 1468 5029 agi
1493 4939 1621 5028 possit,
1644 4944 1686 5009 ut
1709 4945 1811 5028 patet
1833 4961 1887 5009 aa.

394 5092 412 5127 ‹
428 5086 455 5133 c.
472 5067 592 5134 Lotm.
611 5069 641 5148 7,
665 5067 698 5132 h.
724 5066 759 5146 t.;
782 5083 902 5152 neque
926 5063 1023 5134 enim
1047 5063 1124 5134 ulla
1148 5064 1238 5134 iuris
1262 5069 1326 5134 aut
1349 5064 1480 5136 indicis
1504 5064 1704 5136 auctoritas
1728 5070 1792 5135 aut
1811 5085 1888 5154 per-

394 5217 412 5252 «
429 5187 522 5257 tium
539 5207 742 5258 consensus
758 5191 825 5257 etc.
842 5191 965 5274 potest
980 5187 1180 5260 dissolvere
1197 5187 1471 5260 matrimonium
1488 5188 1662 5274 validum,
1682 5193 1748 5258 aut
1763 5187 1889 5258 invali-

395 5341 413 5375 ‹
430 5312 517 5381 dnm
535 5310 686 5381 reddere
702 5309 877 5395 validum,
890 5331 973 5380 cum
990 5311 1075 5382 talis
1091 5311 1275 5382 sententia
1290 5319 1480 5401 peccatum
1497 5312 1637 5383 foveret
1653 5311 1887 5382 dissolvendo

395 5465 412 5499 «
431 5455 495 5506 eos
519 5433 582 5523 qui
605 5433 682 5504 veri
706 5431 881 5522 coniuges
904 5439 1001 5520 sunt,
1026 5440 1091 5505 aut
1114 5436 1370 5527 coniungendo
1387 5457 1451 5507 cos
1470 5435 1534 5526 qui
1558 5457 1634 5506 non
1657 5441 1745 5506 sunt
1768 5434 1889 5506 coniu-

395 5590 413 5625 «
430 5580 495 5650 ges
497 5611 549 5630 .....
573 5560 691 5646 Neque
722 5561 843 5628 tuanen
870 5564 1071 5644 pessimat
1100 5564 1345 5650 indifferenter
1374 5565 1521 5650 quilibet
1547 5564 1693 5632 camela
1723 5562 1818 5631 debat
1839 5561 1888 5628 ad
