4120 6284
785 463 863 520 Actu
881 464 935 519 Pa·
953 465 1015 519 ΡΡ.
1037 467 1074 520 Χ.
1645 467 1679 526 13

182 557 396 568 ——-——

183 643 343 743 ligiosis
371 647 601 722 mulierum
627 647 825 726 domibus
854 649 1125 727 Cardinalem
1152 651 1372 730 Vioarium
1401 654 1680 748 adiuvabunt,

185 757 311 850 prout
333 752 381 828 in
404 775 603 851 praesens
623 754 711 832 iam
734 754 909 846 obtinet,
936 781 1010 836 sex
1034 761 1270 838 sacerdotes
1294 765 1486 840 maturae
1511 765 1677 852 aetatis,

182 877 339 956 virtute
354 883 397 956 et
412 881 640 978 prudentia
656 881 876 981 praeclari,
896 883 984 982 qui,
1004 883 1144 962 divisa
1162 885 1274 964 Urbe
1291 886 1336 962 in
1356 887 1532 965 totidem
1547 891 1678 990 regio-

185 1027 272 1094 nes,
297 1006 482 1106 delegati
502 1009 628 1085 erunt
648 1009 1004 1087 monasteriorum
1025 1010 1210 1110 regionis
1232 1009 1411 1112 singulis
1434 1014 1677 1092 attributae.

284 1133 346 1206 33.
369 1133 510 1211 Huius
528 1132 726 1212 sectionis
743 1157 769 1211 a
788 1135 958 1213 seeretis
975 1158 1134 1214 munus
1151 1137 1243 1226 erit,

337 1259 379 1358 a)
405 1260 591 1337 indicem
616 1259 820 1338 conficere
845 1263 888 1338 et
913 1261 1107 1340 ordinate
1134 1284 1301 1340 servare
1327 1267 1683 1344 monasteriorum

185 1383 381 1460 omnium
403 1405 452 1461 ao
473 1383 697 1461 domorum
719 1383 1024 1485 religiosarum,
1047 1407 1146 1462 cum
1168 1387 1410 1466 recensione
1433 1392 1600 1467 numeri
1622 1411 1682 1466 re-

187 1504 448 1606 ligiosarum,
474 1506 815 1596 moderatrioum,
842 1528 1018 1609 operum
1041 1507 1196 1606 quibus
1220 1512 1388 1598 vacant,
1414 1509 1680 1588 sacerdotum

188 1632 264 1730 qui
284 1631 444 1708 ibidem
464 1654 585 1709 sacra
603 1633 841 1710 ministeria
861 1634 1033 1732 explent
1052 1637 1095 1711 et
1114 1656 1212 1711 cum
1232 1635 1328 1712 aliis
1349 1635 1682 1714 indicationibus

190 1758 245 1834 ad
268 1779 357 1834 rem
376 1757 650 1848 facientibus;

344 1884 384 1983 b)
403 1885 605 1964 interesse
623 1886 812 1964 coetibus
831 1887 885 1963 ad
905 1909 1011 1986 quos
1030 1887 1212 1988 delegati
1230 1889 1503 1976 conveniunt,
1526 1880 1568 1965 et
1587 1887 1684 1964 scri-

187 2015 262 2112 pto
281 2012 470 2112 redigere
491 2034 726 2090 asservare
746 2035 854 2112 quae
875 2012 920 2088 in
940 2012 1001 2089 eis
1021 2015 1116 2090 acta
1136 2014 1204 2089 vel
1222 2014 1389 2090 decreta
1410 2014 1515 2104 sint;

335 2138 372 2235 c)
400 2138 639 2216 executioni
667 2140 925 2217 demandare
953 2161 1062 2239 quae
1090 2140 1252 2216 statuta
1279 2141 1392 2228 sunt,
1424 2139 1460 2216 si
1487 2161 1513 2215 a
1540 2138 1683 2217 Cardi-

186 2265 279 2342 nali
304 2265 474 2342 Vicario
498 2265 566 2343 vel
590 2264 645 2342 ab
667 2265 897 2342 Adsessore
917 2265 973 2342 ad
997 2262 1077 2342 boo
1101 2265 1335 2364 delegetur;
1360 2267 1402 2341 et
1427 2265 1622 2364 supplere
1648 2263 1684 2340 si

188 2413 298 2490 opus
322 2390 447 2468 sitin
471 2390 641 2469 casibus
664 2389 994 2490 particularibus
1017 2393 1060 2469 et
1083 2414 1136 2469 ex
1160 2389 1435 2490 delegatione,
1464 2391 1513 2468 ut
1538 2412 1681 2489 supra,

189 2517 379 2618 aliquem
400 2540 453 2594 ex
473 2516 677 2617 delegatis
692 2516 739 2592 in
760 2516 849 2594 suis
870 2515 1132 2593 muneribus.

207 2711 214 2723 .
294 2644 355 2718 34.
386 2642 685 2742 Delegatorum
713 2665 813 2718 vero
840 2641 920 2720 erit
948 2642 1138 2742 singulas
1166 2642 1313 2719 domos
1340 2642 1385 2717 in
1415 2664 1493 2720 sua
1520 2642 1688 2742 regione

193 2770 263 2847 vel
314 2769 437 2846 aliter
462 2791 565 2847 suae
591 2790 717 2846 curae
744 2769 992 2845 commissas
1018 2766 1252 2844 identidem
1278 2768 1424 2857 visere;
1452 2769 1581 2868 atque
1609 2768 1687 2844 sub

191 2893 326 2970 ductu
343 2895 385 2970 et
403 2891 654 2970 auctoritate
673 2891 913 2968 cardinalis
932 2889 1093 2967 Vicarii
1110 2891 1178 2967 vel
1196 2891 1440 2969 Adsessoris
1459 2913 1619 2980 curare,
1641 2905 1689 2966 ut

189 3019 237 3096 in
256 3019 318 3096 eis
335 3017 524 3096 instituti
543 3015 771 3116 disciplina
790 3018 992 3106 servetur,
1014 3018 1064 3092 ut
1083 3015 1250 3093 scholae
1267 3016 1434 3115 aliaque
1455 3016 1527 3116 pia
1547 3038 1687 3114 opera,

194 3168 304 3246 quae
326 3144 371 3221 in
393 3143 455 3222 eis
475 3143 728 3232 habeantur,
753 3145 862 3219 recte
885 3141 1129 3242 procedant,
1155 3145 1203 3220 ut
1225 3141 1285 3219 rei
1308 3141 1533 3219 familiaris
1557 3143 1688 3219 admi-

194 3270 393 3349 nistratio
410 3271 489 3347 rite
506 3271 690 3370 geratur,
712 3270 760 3346 ut
776 3268 822 3344 in
840 3290 942 3367 pace
960 3269 1002 3344 et
1020 3267 1245 3345 sanctitate
1264 3267 1469 3346 moniales
1488 3290 1561 3345 seu
1581 3291 1690 3346 soro-

196 3421 262 3474 res
280 3395 525 3474 convivant.

300 3524 498 3622 Ipsorum
516 3542 685 3621 quoque
703 3520 784 3597 erit
800 3519 1066 3620 postulantes
1084 3542 1133 3596 ao
1151 3519 1341 3596 novicios
1359 3521 1548 3597 examini
1566 3524 1694 3600 subii-

201 3665 304 3733 cere,
330 3646 374 3720 et
397 3642 576 3744 vigilare
602 3642 723 3720 utin
749 3642 929 3742 singulis
955 3642 1152 3720 domibus
1178 3642 1323 3720 adsint
1349 3642 1588 3722 sacerdotes
1614 3645 1690 3743 qui

198 3767 407 3844 sacellarii
432 3789 506 3844 seu
531 3766 772 3864 cappellani
796 3765 932 3842 officio
958 3765 1205 3866 fungantur,
1230 3765 1444 3864 iidemque
1470 3765 1693 3842 confessio-

202 3894 328 3971 nibus
348 3893 611 3992 excipiendis
631 3895 675 3970 et
695 3892 825 3969 sacris
846 3890 1120 3968 concionibus
1141 3890 1349 3968 habendis
1370 3895 1516 3969 sancte
1537 3891 1695 3969 studio-

203 4039 330 4118 seque
350 4017 516 4094 vacent.

304 4140 696 4219 Praeterea-diebus
713 4161 739 4216 a
757 4138 974 4216 Cardinali
992 4139 1162 4215 Vicario
1178 4160 1255 4238 prc
1273 4161 1352 4216 sua
1369 4139 1598 4238 prudentia
1616 4145 1697 4216 sta-

207 4266 311 4341 tutis
333 4265 612 4354 convenient,
637 4265 685 4339 ut
709 4262 761 4339 de
786 4264 910 4339 rebus
934 4260 1179 4339 difficilioris
1215 4261 1443 4351 momenti,
1470 4263 1545 4338 aut
1569 4261 1622 4338 de
1646 4261 1699 4338 iis

205 4410 313 4490 quae
335 4388 390 4465 ad
412 4409 638 4465 commune
659 4387 819 4464 bonum
842 4387 1047 4486 spectant,
1070 4385 1263 4484 praeside
1287 4385 1506 4463 Cardinali
1529 4387 1698 4463 Vicario

203 4514 268 4590 vel
289 4512 533 4599 Adsessore,
556 4511 826 4609 pertractent.

302 4640 364 4714 35.
389 4637 434 4714 Si
456 4659 541 4736 qua
563 4639 707 4713 autem
729 4635 955 4734 peculiaris
973 4633 1250 4734 praescriptio
1272 4635 1510 4711 necessaria
1532 4635 1587 4712 sit
1610 4635 1698 4712 sive
1779 4703 1781 4713 .

207 4769 318 4842 circa
340 4763 577 4864 regularem
598 4761 891 4862 religiosarum
914 4760 1196 4861 disciplinam,
1220 4759 1310 4838 sive
1333 4758 1445 4838 circa
1467 4761 1539 4860 pia
1561 4783 1699 4860 opera,

205 4887 359 4987 quibus
383 4885 603 4986 religiosae
626 4883 825 4960 mulieres
848 4885 1017 4971 vacant,
1045 4883 1120 4959 aut
1140 4883 1252 4959 circa
1277 4882 1513 4959 sacerdotes
1537 4883 1611 4982 qui
1637 4901 1699 4957 sa-

208 5035 325 5089 crum
347 5010 635 5089 ministerium
657 5010 772 5108 apud
795 5031 866 5085 eas
887 5009 1072 5108 explent,
1099 5008 1281 5108 delegati
1304 5009 1383 5085 hoc
1406 5006 1624 5109 negotium
1647 5027 1699 5082 ne

208 5139 286 5217 sibi
306 5139 480 5216 sumant
498 5135 594 5235 ipsi,
618 5134 690 5213 sed
711 5158 800 5212 rem
818 5134 1010 5212 deferant
1031 5134 1249 5212 Cardinali
1270 5134 1440 5211 Vicario
1459 5133 1527 5209 vel
1548 5133 1701 5210 Adses-

209 5266 289 5343 sori
313 5266 359 5343 in
385 5261 603 5343 ordinario
630 5262 920 5361 delegatorum
941 5263 1167 5349 conventu,
1197 5261 1264 5337 vel
1291 5260 1421 5337 etiam
1448 5262 1581 5349 extra,
1612 5259 1701 5337 sive

190 5377 286 5492 ¹ipsi
304 5415 378 5492 per
397 5415 441 5469 se
462 5389 552 5467 sive
571 5411 648 5488 ope
665 5411 690 5465 a
709 5387 879 5466 secretis
897 5386 1027 5464 huius
1047 5387 1257 5474 sectionis,
1280 5385 1354 5463 ubi
1374 5408 1439 5464 res
1459 5389 1608 5485 urgeat
1628 5387 1703 5463 aut

210 5519 310 5598 alias
337 5539 511 5597 necesse
534 5513 603 5594 sit.
