4120 6284
732 414 763 474 8.
784 413 984 484 Gcwrcpclio
1002 413 1141 472 thcum.
1646 411 1681 469 57

195 509 345 520 aru-un·—

290 597 419 686 Itaque
443 619 553 669 nemo
577 601 842 690 cuiuscumque
872 600 1009 690 gradus
1039 605 1077 670 et
1107 598 1329 669 conditionis
1357 599 1545 688 praedicta
1576 619 1687 688 opera

195 723 363 791 damnata
385 727 498 812 atque
520 722 736 812 proscripta,
760 743 994 814 quocumque
1010 723 1091 793 loco
1110 728 1147 791 et
1161 742 1396 813 quocumque
1421 721 1606 808 idiomate,
1623 727 1688 791 aut

193 845 228 915 in
248 850 438 934 posterum
463 847 581 932 edere,
605 852 670 917 aut
693 847 793 918 edita
815 847 934 937 legere
958 847 1017 916 vel
1040 845 1197 917 retinere
1225 847 1378 930 audeat,
1402 845 1472 916 sub
1496 844 1626 934 poenis
1650 844 1687 913 11

194 970 310 1040 lndice
333 969 510 1040 librorum
536 969 731 1042 vetitorum
755 971 914 1043 indictio.

291 1167 666 1252 Zuuusu-Wrnsnarr,
690 1169 743 1237 W.
769 1169 877 1237 Kocs
900 1174 937 1238 el
961 1168 1004 1239 Ο.
1029 1169 1201 1253 Wacnna
1225 1168 1318 1237 Ano.
1344 1167 1542 1251 Hnnaaar,
1571 1166 1688 1237 Orro-

192 1311 302 1362 caace
326 1293 549 1362 Paoslszaa
572 1299 609 1363 et
624 1299 752 1364 auctor
763 1294 817 1384 (P.
834 1293 876 1364 A.
894 1293 945 1384 S.)
962 1294 1083 1385 operis
1099 1291 1265 1383 inscripti
1280 1293 1497 1362 Oolccbiemo
1519 1295 1559 1362 di
1574 1295 1688 1362 storia

190 1437 305 1502 sacro,
331 1417 487 1487 decretis
513 1417 548 1487 S.
574 1415 886 1507 congregationis
910 1417 1018 1489 editis
1042 1418 1172 1489 diebus
1196 1418 1218 1488 8
1241 1416 1325 1488 Maii
1352 1423 1387 1487 et
1418 1416 1559 1487 blunii
1587 1417 1688 1500 1911,

192 1540 324 1629 quibus
348 1541 499 1632 quidam
523 1541 606 1612 libri
629 1544 677 1613 ab
701 1542 754 1614 eis
770 1543 967 1633 conscripti
983 1545 1100 1614 notati
1117 1550 1153 1614 et
1168 1544 1206 1613 11
1225 1543 1387 1613 lndicem
1411 1541 1585 1612 librorum
1606 1564 1689 1631 pro·
1743 1547 1747 1556 ’

189 1665 388 1737 bibitorum
413 1667 541 1738 inserti
565 1674 663 1754 sunt,
686 1668 921 1739 laudabiliter
944 1689 983 1739 se
1007 1668 1253 1740 subiecerunt.

291 1862 439 1949 Quibus
464 1864 581 1936 SSmo
604 1865 764 1935 Domino
789 1865 923 1937 Nostro
948 1867 1014 1936 Pio
1040 1867 1162 1955 Papae
1186 1865 1220 1936 X
1244 1886 1309 1954 per
1331 1885 1389 1934 me
1413 1862 1688 1952 infrascriptum

188 1988 433 2058 Secretarium
468 1989 615 2074 raiatia,
640 1989 824 2060 Sanctitas
849 1989 925 2061 Sua
950 1989 1142 2060 Decretum
1180 1987 1369 2079 probavit,
1393 1993 1430 2057 et
1464 1987 1688 2078 promulgari

187 2111 383 2200 praecepit.
409 2111 452 2180 ln
476 2133 635 2200 quorum
658 2112 768 2183 fidem
791 2119 859 2184 etc.

288 2272 427 2343 Datum
454 2273 604 2358 Romae,
628 2272 687 2344 die
710 2273 755 2342 11
778 2273 938 2345 Ianuarii
966 2275 1062 2344 1911.

576 2519 614 2590 F.
640 2520 753 2591 Cano.
778 2520 902 2590 naam
926 2521 1062 2605 Voces,
1085 2523 1301 2609 Peaefaaa

986 2719 1149 2790 Thomas
1173 2721 1293 2806 Esset,
1318 2720 1360 2791 0.
1379 2722 1430 2806 Ρ.,
1454 2721 1687 2791 secretarius.

565 3329 609 3460 S.
646 3329 1040 3458 constitutio
1083 3329 1312 3460 RITUUM

921 3883 952 3964 I.

693 4097 871 4184 URBIS
901 4098 972 4181 ET
1001 4097 1187 4183 ORBIS.

292 4327 421 4413 Quum
455 4327 504 4397 ob
534 4327 784 4398 reductionem
817 4328 1009 4398 Fastorum
1041 4331 1087 4398 ad
1119 4329 1301 4399 tramitem
1331 4330 1431 4399 Motu
1465 4331 1612 4419 proprio
1644 4331 1688 4400 de

188 4450 331 4522 Diebus
357 4451 476 4523 Fastis
500 4458 537 4522 el
560 4451 798 4524 Decretorum
823 4454 956 4524 Sacrae
980 4453 1133 4523 Rituum
1159 4454 1461 4544 Congregetionis
1492 4455 1622 4525 diebus
1645 4457 1691 4523 11

189 4582 223 4645 et
245 4577 291 4646 18
319 4576 402 4646 Iulii
425 4557 634 4647 11101911
661 4577 855 4662 editorum,
881 4583 1023 4648 attenta
1046 4577 1157 4648 etiam
1182 4577 1454 4649 Constitutione
1477 4579 1690 4669 Apostolica

190 4700 361 4771 «Divino
386 4701 513 4771 afflatu
530 4729 560 4785 »‚
584 4723 630 4771 ne
655 4700 794 4771 oriatur
818 4701 995 4786 confusio,
1019 4722 1170 4772 necesse
1202 4701 1250 4772 sit
1280 4702 1479 4772 nonnullas
1511 4701 1689 4790 speciales

190 4825 371 4896 Breviarii
395 4831 432 4895 el
456 4824 613 4895 Missalis
628 4825 794 4896 rubricas
810 4824 916 4895 novis
933 4825 1237 4914 dispositionibus
1254 4827 1388 4916 aptari;
1406 4826 1519 4897 Sacra
1536 4826 1687 4897 Rituum

190 4949 449 5041 congregatio,
473 4949 589 5020 firmis
613 4950 849 5020 manentibus
869 4971 964 5040 quae
988 4951 1134 5021 decreta
1158 4951 1306 5021 suntin
1332 4951 1689 5040 Praescriptionibus

190 5074 441 5166 Temporariis
465 5075 507 5144 N.
532 5075 591 5160 IV,
615 5076 664 5146 ad
687 5075 824 5146 calcem
848 5075 1088 5146 Rubricarum
1115 5075 1218 5146 iuxta
1242 5081 1481 5146 memoratam
1508 5073 1690 5146 Constitu·

190 5199 327 5270 tionem
352 5199 517 5285 adiectis
537 5200 661 5288 quoad
692 5197 873 5269 Rubricas
902 5197 1117 5283 Generales3
1149 5220 1244 5288 quae
1275 5203 1481 5288 sequuntur
1512 5199 1548 5268 11
1581 5200 1690 5270 novis

192 5324 369 5396 Breviarii
393 5329 432 5394 et
450 5325 609 5395 Missalis
625 5323 850 5395 editionibus
866 5323 1119 5413 imprimendis
1136 5323 1331 5394 inserenda
1348 5324 1500 5408 censuit,
1518 5325 1548 5394 si
1564 5330 1688 5393 tamen

194 5448 434 5520 Sanctissimo
459 5448 618 5520 Domino
643 5451 777 5520 Nostro
802 5449 988 5538 placuerit.
