4038 6274
383 469 435 526 tat
693 474 769 528 Acta
788 474 977 543 Apostolicoe
996 475 1093 530 Sedis.
1113 502 1131 514 -
1153 475 1412 530 commentorium
1434 474 1575 542 officiale.

386 701 404 735 «
422 679 637 762 perpetuam
661 673 845 744 enunciati
870 674 985 744 annui
1020 675 1160 745 reditus
1183 675 1388 745 libellarum
1416 674 1482 743 100
1483 726 1535 744 .....
1559 674 1683 743 favore
1708 671 1877 742 ecclesiae

370 787 403 859 ⁴a
420 797 637 885 paroecialis
661 798 696 868 S.
722 798 886 887 Agathae
910 798 979 867 loci
1005 799 1181 869 Saccione
1197 826 1227 867 ».

488 921 536 990 At
560 921 788 1006 Ordinarius,
811 921 893 992 loco
917 922 1141 992 concedendi
1165 923 1278 993 huius
1307 923 1448 992 reditus
1482 921 1687 992 cessionem
1711 926 1747 991 et
1769 919 1879 989 incor-

385 1045 624 1135 porationem,
647 1046 748 1117 aliud
782 1069 933 1136 prorsus
968 1049 1164 1118 concedere
1187 1053 1290 1118 ratus
1313 1053 1379 1133 est,
1403 1067 1535 1134 nempe
1568 1067 1720 1136 gravare
1743 1046 1879 1116 reditus
1930 1133 1935 1148 Ι

384 1170 574 1257 paroeciae
598 1171 667 1241 loci
693 1172 875 1262 Bagnoro¹
889 1193 1014 1242 annua
1046 1172 1225 1261 pensione
1249 1193 1316 1242 seu
1339 1171 1584 1242 subventione
1608 1171 1718 1242 libell.
1745 1170 1809 1241 100
1830 1171 1880 1239 la-

385 1315 471 1364 vore
495 1295 685 1382 paroeciae
709 1296 780 1367 loci
804 1297 990 1368 Saccione.
1017 1298 1072 1367 lta
1095 1297 1192 1368 enirn
1225 1296 1357 1386 legitur
1380 1297 1418 1366 in
1443 1295 1680 1367 executoriali
1715 1297 1879 1366 decreto:

387 1419 659 1510 «indulgemus
682 1428 724 1492 ut
747 1443 858 1511 super
893 1423 1072 1493 reditibus
1108 1423 1273 1493 eiusdem
1308 1422 1483 1494 ecclesiae
1518 1423 1709 1511 plebanae,
1733 1420 1790 1491 cui
1815 1420 1883 1490 brit

387 1571 405 1606 «
422 1550 598 1633 perpetuo
634 1547 778 1616 adnexa
801 1552 838 1616 et
861 1546 1093 1635 incorporata
1117 1547 1189 1616 alia
1213 1547 1382 1636 paroecia
1405 1547 1441 1617 S.
1467 1545 1581 1617 Blasii
1605 1547 1651 1616 de
1675 1543 1883 1626 Monistero,

387 1694 405 1730 ‹
422 1667 633 1755 imponatur
664 1669 858 1740 subventio
883 1671 1088 1741 libellarum
1113 1678 1261 1742 centum
1297 1671 1422 1741 lavore
1446 1671 1598 1741 rectoris
1630 1691 1696 1758 pro
1720 1675 1884 1758 ternpore

387 1819 405 1854 «
422 1793 642 1880 parochialis
677 1795 851 1865 ecclesiae
876 1795 911 1866 S.
936 1796 1101 1886 Agathae
1118 1823 1150 1865 ».
1175 1796 1251 1865 lam
1277 1817 1365 1866 vero
1388 1802 1568 1884 quantum
1604 1796 1696 1866 haec
1718 1795 1884 1865 executio

385 1918 494 1988 luerit
517 1920 705 1990 abnormis
728 1943 751 1990 a
774 1926 896 1992 mente
914 1920 1113 2009 Apostolici
1141 1921 1274 1992 indulti
1300 1943 1345 1991 ex
1369 1921 1609 2009 sequentibus
1639 1920 1749 1991 etiarn
1773 1924 1885 2008 patet-

387 2041 521 2112 Pensio
553 2043 605 2113 sic
636 2043 808 2132 imposita
838 2046 1052 2116 remanebat
1083 2065 1179 2115 onus
1210 2046 1308 2115 reale
1339 2051 1376 2115 et
1401 2050 1619 2134 perpetuum
1647 2045 1686 2114 in
1715 2043 1888 2132 paroecia

387 2166 457 2236 loci
489 2167 660 2258 Bagnoro
691 2175 728 2240 et
750 2168 950 2258 quotannis
981 2169 1017 2238 in
1043 2170 1206 2258 praefixa
1237 2190 1381 2240 summa
1412 2168 1722 2240 satisfaciendum.
1747 2168 1776 2236 E
1800 2187 1887 2236 con-

386 2296 444 2360 tra
473 2313 538 2381 per
568 2293 750 2365 indultam
789 2293 993 2366 cessionem
1025 2295 1197 2384 paroecia
1226 2296 1342 2366 libera
1379 2295 1614 2379 remanebat,
1646 2299 1683 2363 et
1713 2291 1888 2362 enuncia-

386 2423 448 2487 tus
479 2419 629 2504 reditus,
652 2419 691 2489 in
715 2420 860 2490 schedis
884 2420 996 2490 debiti
1021 2420 1157 2510 publici
1182 2421 1389 2505 investitus,
1412 2417 1681 2489 variationibus
1701 2415 1890 2487 obnoxius

389 2544 542 2614 evadere
577 2548 730 2632 poterat.
770 2544 865 2614 Hinc
896 2545 1102 2635 Episcopus
1133 2546 1308 2616 Aretinus
1340 2544 1379 2614 iu
1410 2567 1478 2615 suo
1507 2546 1652 2615 decreto
1683 2541 1889 2624 executivo,

388 2668 611 2756 imponendo
635 2667 770 2738 dictam
805 2668 1019 2757 pensionem
1045 2670 1145 2740 aliud
1178 2669 1341 2758 proelio
1377 2669 1450 2758 egit
1473 2669 1511 2738 in
1535 2666 1797 2757 praeiudicium
1822 2687 1890 2754 pa-

389 2791 530 2862 roeciae
554 2792 624 2861 loci
649 2792 831 2881 Bagnoro,
854 2797 891 2862 et
915 2793 1077 2862 mandati
1103 2792 1237 2862 limites
1261 2797 1555 2881 praetergressus
1579 2796 1644 2861 est.

493 2916 663 2987 Secundo
699 2917 735 2987 in
769 2917 933 3004 praelato
969 2917 1171 3005 apostolico
1205 2916 1382 3005 rescripto
1417 2916 1580 2986 conditio
1614 2914 1684 2984 luit
1716 2914 1891 3002 apposita

390 3067 408 3102 «
426 3041 626 3112 dummodo
650 3043 800 3112 accedat
823 3063 1027 3112 consensus
1050 3041 1201 3130 parochi
1225 3041 1400 3113 ecclesiae
1425 3041 1460 3110 S.
1477 3040 1662 3130 Eugeniae
1685 3039 1797 3129 vulgo
1813 3041 1892 3106 Bo

391 3194 409 3228 «
422 3189 534 3254 puero
549 3195 579 3237 ».
604 3167 809 3257 Episcopus
826 3168 870 3238 de
886 3167 1100 3238 huiusmodi
1123 3187 1309 3237 consensu
1326 3166 1526 3236 obtinendo
1551 3165 1689 3236 nullam
1706 3163 1892 3234 rationem

389 3293 626 3376 habuitlicet
649 3293 687 3362 in
710 3293 855 3362 decreto
879 3293 1071 3364 executivo
1092 3292 1272 3363 edicatur:
1298 3319 1317 3355 «
1332 3291 1499 3362 Constito
1516 3289 1624 3360 nobis
1641 3291 1686 3359 de
1703 3309 1892 3359 consensu

391 3417 576 3487 «rectoris
600 3415 774 3487 ecclesiae
797 3416 976 3505 plebanae
1002 3417 1037 3488 S.
1059 3416 1246 3507 Eugeniae
1269 3416 1307 3487 in
1331 3417 1413 3486 loco
1436 3421 1651 3504 nuncupato
1668 3415 1840 3504 Bagnoro
1860 3442 1892 3481 ».

390 3543 577 3612 Paroclrus
602 3542 748 3612 Cardeti
771 3542 899 3631 utique
924 3546 1132 3613 assenserat
1156 3543 1314 3613 cessioni
1337 3541 1477 3612 reditus
1500 3541 1705 3610 libellarum
1729 3545 1894 3622 centum,

390 3668 443 3736 uti
467 3668 636 3756 superius
659 3667 778 3736 visum
814 3668 900 3752 iuit;
924 3668 990 3738 sed
1013 3667 1084 3737 boc
1118 3672 1197 3737 toto
1222 3667 1324 3737 caelo
1353 3667 1474 3736 differt
1497 3667 1544 3735 ab
1568 3663 1802 3753 impositione
1827 3686 1895 3733 an-

391 3813 486 3862 nuae
511 3793 699 3880 pensionis
722 3793 937 3874 libellorum,
962 3814 1074 3882 quarn
1098 3793 1277 3880 perfracte
1301 3791 1485 3862 renuisset
1515 3790 1546 3860 si
1570 3811 1680 3878 super
1707 3789 1778 3859 boo
1802 3790 1896 3858 fuis-

390 3922 446 3986 set
469 3917 730 4006 interrogatus:
757 3917 844 3986 «Lo
869 3918 1047 3987 scrivente
1070 3939 1147 3986 non
1169 3919 1209 3986 fu
1232 3915 1405 3987 richiesto
1429 3916 1488 3986 del
1512 3936 1581 3985 suo
1604 3935 1797 3998 consenso,
1822 3915 1895 3984 che

392 4067 411 4102 «
427 4040 586 4109 avrebbe
622 4047 842 4111 certamente
877 4040 1038 4110 rifintato
1063 4062 1103 4110 se
1128 4040 1158 4110 si
1183 4041 1281 4110 losse
1315 4040 1443 4110 voluto
1467 4039 1524 4109 ool
1548 4039 1693 4109 decreto
1729 4043 1898 4108 esecuto

393 4192 410 4226 «
428 4164 517 4234 riale
540 4166 701 4235 cambiar
725 4173 859 4235 natura
881 4167 955 4235 alla
978 4165 1143 4235 cessione
1167 4165 1381 4236 dimandata
1397 4193 1428 4234 ».

497 4291 614 4360 Etiam
640 4313 725 4380 ergo
750 4312 861 4380 super
884 4292 953 4361 hoc
970 4290 1176 4379 Episcopus
1193 4312 1267 4360 non
1293 4289 1452 4360 servavit
1475 4288 1638 4358 mandati
1662 4289 1830 4358 formam.

496 4417 620 4505 Neque
645 4416 867 4485 obtendatur
890 4416 1045 4484 fortasse
1070 4415 1253 4504 Episcopo
1278 4415 1314 4484 id
1339 4415 1408 4485 sibi
1431 4414 1580 4484 licuisse
1604 4435 1649 4483 ex
1674 4413 1746 4482 illis
1769 4414 1898 4482 verbis

391 4543 428 4611 in
447 4541 657 4631 Apostolico
681 4540 858 4629 rescripto
874 4540 1053 4629 appositis
1078 4568 1095 4602 «
1113 4562 1179 4628 pro
1196 4560 1264 4609 suo
1281 4540 1432 4609 arbitrio
1449 4548 1485 4610 et
1502 4537 1724 4609 conscientia
1741 4565 1772 4606 ».
1797 4539 1897 4607 Nam

391 4667 429 4737 in
453 4668 614 4737 themate
649 4687 723 4734 non
760 4665 879 4754 agitur
902 4667 947 4735 de
971 4665 1089 4754 gratia
1123 4665 1300 4748 facienda,
1325 4665 1389 4734 sed
1420 4665 1464 4735 de
1492 4663 1610 4754 gratia
1642 4663 1715 4732 iam
1748 4665 1899 4733 lactea

391 4795 433 4862 R.
460 4791 654 4870 Pontifioe;
679 4789 834 4878 ideoque
859 4791 1052 4878 Episcopo,
1076 4789 1130 4859 uti
1153 4789 1340 4859 executori
1375 4788 1582 4859 necessario
1608 4793 1642 4857 et
1666 4808 1741 4857 non
1765 4787 1899 4857 volun·

391 4917 495 4999 tario,
512 4915 652 4984 licitum
673 4937 748 4983 non
765 4921 844 4984 erat
859 4915 1067 5004 assignatos
1090 4913 1268 4984 terminos
1291 4913 1506 5002 transgredi.
1534 4912 1654 4982 Citata
1670 4933 1758 4981 vero
1779 4913 1899 4981 verba

392 5041 539 5110 nonnisi
552 5039 826 5109 reverentialem
840 5039 1115 5127 expressionem
1131 5039 1294 5108 referunt
1306 5059 1391 5127 erga
1408 5038 1751 5126 executorem,quin
1763 5037 1795 5106 ei
1811 5057 1900 5107 con·

393 5165 511 5233 ferant
534 5164 646 5232 ullum
673 5163 861 5231 arbitrium
888 5169 924 5231 et
949 5168 1167 5251 potestatem
1191 5161 1356 5230 variandi
1380 5163 1513 5231 iactam
1534 5160 1820 5244 concessionem,
1837 5162 1900 5229 uti

392 5288 529 5376 passim
544 5289 676 5357 docent
693 5294 861 5357 auctores
879 5287 932 5356 De
944 5287 1055 5371 Rosa,
1066 5291 1115 5355 De
1128 5309 1217 5356 eaeo.
1233 5291 1320 5356 liter.
1338 5289 1414 5373 Ap,
1423 5310 1461 5372 p.
1479 5287 1505 5372 I,
1521 5307 1598 5371 cop.
1613 5292 1642 5369 1,
1656 5307 1691 5353 n.
1710 5291 1772 5367 76;
1784 5284 1898 5354 Card.

393 5412 628 5496 D'Annibale,
642 5413 831 5480 Sunamalo
845 5413 955 5479 Theoi.
965 5413 1065 5496 dior,
1083 5414 1152 5480 Vol.
1162 5413 1189 5496 I,
1201 5433 1236 5479 n.
1245 5417 1312 5478 222
1323 5415 1364 5477 in
1377 5414 1481 5492 noim·
1496 5410 1719 5492 Trombetta,
1734 5411 1903 5478 Prooeeos

391 5541 521 5625 reputo
543 5542 639 5606 circo
662 5541 826 5605 contract.
851 5559 898 5605 re.
915 5540 1004 5620 cccl,
1028 5559 1105 5622 cop.
1131 5543 1161 5621 6,
1187 5559 1223 5605 n.
1246 5543 1288 5618 3,·
1311 5542 1348 5605 et
1371 5535 1507 5623 passim
1533 5534 1656 5604 docuit
1680 5535 1715 5603 S.
1734 5532 1772 5603 C.
1798 5533 1900 5604 Cou-
