4120 6284
357 363 394 420 al
673 367 750 423 Acta
769 368 960 437 Apostolicoa
979 367 1077 423 Sedis.
1096 397 1115 407 -
1137 369 1397 424 Commentortum
1418 371 1558 438 officiale.

356 547 463 617 vobis
485 547 778 638 suffragabimur.
796 549 916 634 Atque
939 549 1009 620 hoc
1025 550 1230 640 intelligant
1253 551 1366 639 probe
1384 555 1421 620 et
1437 552 1680 636 considerent,
1696 552 1860 642 quicum·

356 661 428 762 que
462 695 501 743 se
526 673 563 743 in
598 674 789 744 catholicis
824 675 1009 744 numerari
1044 675 1184 759 volunt,
1209 681 1484 746 sacrosanctam
1518 676 1588 746 sibi
1625 676 1738 766 legem
1774 679 1858 747 esse

356 797 508 883 factam,
531 804 572 868 ut
608 820 672 869 eos
706 804 943 870 revereantur
973 821 1068 889 quos
1106 799 1265 888 Spiritus
1301 799 1460 870 Sanctus
1495 802 1619 889 posuit
1655 801 1859 890 Episcopos

355 942 479 1012 regere
503 923 704 994 Ecclesiam
729 921 813 1007 Dei3
837 944 914 992 non
937 923 1043 992 aliter
1066 944 1105 994 se
1130 945 1250 1012 posse,
1267 929 1455 1013 tamquam
1482 925 1656 1008 membra,
1681 946 1764 994 cum
1790 923 1857 994 Ca-

355 1047 430 1136 pite
455 1047 638 1118 Ecclesiae
672 1049 886 1133 cohaerere,
910 1048 980 1118 nisi
1007 1069 1091 1118 cum
1116 1048 1308 1137 Episcopis
1332 1047 1410 1118 suis
1441 1050 1680 1134 cohaereant;
1704 1071 1748 1120 ac
1775 1071 1857 1139 pro-

356 1177 481 1259 pterea
497 1172 680 1242 neminem
704 1178 831 1243 contra
854 1172 1111 1242 auctoritatem
1127 1178 1286 1242 vestram
1313 1172 1442 1257 lacere,
1458 1173 1547 1262 quin
1565 1194 1608 1243 eo
1625 1173 1705 1263 ipso
1729 1181 1857 1244 contra

357 1295 539 1366 Vicarium
566 1297 649 1367 lesu
674 1296 807 1368 Christi
824 1296 943 1380 faciat,
960 1318 1073 1386 seque
1089 1318 1112 1366 a
1128 1297 1330 1367 catholicae
1354 1297 1506 1366 unitatis
1523 1298 1857 1368 communicatione

354 1440 544 1510 segregare
567 1421 658 1492 velle
682 1421 857 1492 videatur.
875 1461 894 1474 -
912 1423 988 1492 lam
1013 1443 1108 1510 quae
1132 1421 1207 1490 sint
1230 1420 1440 1491 adhibenda
1463 1422 1626 1492 remedia
1649 1423 1694 1492 ad
1712 1426 1854 1492 tantam

354 1546 566 1616 varietatem
587 1546 826 1632 miseriarum,
843 1546 880 1615 in
897 1547 1033 1635 quibus
1052 1545 1306 1616 Venezuelana
1321 1546 1484 1616 Ecclesia
1499 1553 1676 1631 versatur,
1693 1553 1856 1618 vestrum

355 1669 547 1740 consilium
579 1673 663 1742 erit:
687 1693 755 1740 vos
785 1671 1005 1760 populorum
1030 1676 1236 1740 vestrorum
1270 1669 1508 1740 necessitates
1532 1671 1664 1742 videtis
1687 1679 1724 1742 et
1746 1672 1860 1742 cerni·
1949 1753 1951 1759 ,

354 1793 420 1877 tis;
444 1794 534 1883 quid
557 1817 623 1883 pro
648 1801 812 1883 tempore
837 1800 871 1864 et
896 1816 962 1883 pro
987 1816 1025 1864 re
1049 1815 1143 1882 opus
1167 1795 1216 1864 sit
1238 1795 1353 1878 facto,
1379 1815 1453 1864 non
1477 1795 1625 1865 difficile
1656 1796 1856 1883 reperietis,

355 1918 478 1988 Unum
503 1926 569 2004 est,
585 1922 686 2009 quod
711 1922 796 2004 Nos,
813 1920 1016 2008 apostolico
1033 1919 1155 1990 officio
1183 1919 1343 2009 impulsi,
1359 1920 1596 1990 vehementer
1615 1920 1725 1990 etiam
1745 1927 1858 2011 atque

355 2042 465 2112 etiam
490 2063 557 2112 vos
581 2044 780 2129 hortamur,
798 2048 839 2113 ut
854 2043 1028 2112 nimirum
1054 2049 1139 2114 ante
1167 2043 1293 2113 omnia
1317 2043 1453 2114 curetis
1483 2042 1712 2132 disciplinam
1740 2044 1857 2135 Cleri:

354 2168 424 2238 hac
448 2168 545 2238 enim
582 2190 752 2258 magnam
784 2173 925 2258 partem
958 2175 1147 2258 corrupta,
1171 2191 1247 2238 non
1277 2174 1333 2238 est
1357 2169 1509 2255 mirum,
1535 2169 1565 2240 si
1589 2169 1707 2257 plebis
1736 2191 1858 2241 mores

355 2291 584 2362 declinavere
607 2293 644 2362 in
668 2292 791 2382 peius3
816 2293 942 2362 eadem
969 2292 1081 2362 semel
1107 2292 1323 2378 instaurata,
1347 2314 1422 2363 non
1446 2313 1577 2382 parurn
1602 2291 1675 2362 iarn
1700 2293 1856 2380 proiece-

355 2414 435 2484 ritis
458 2417 505 2486 ad
529 2417 736 2486 christanae
760 2417 858 2487 vitae
888 2417 1003 2487 decus
1026 2416 1137 2506 vulgo
1161 2418 1419 2486 revocandum.
1444 2417 1625 2506 Equident
1656 2417 1793 2487 scimus
1817 2418 1855 2487 in

355 2540 608 2610 sacerdotibus
631 2541 763 2611 vestris
786 2561 862 2610 non
887 2541 1035 2626 deesse,
1059 2540 1122 2630 qui
1147 2545 1244 2612 recte
1269 2541 1381 2611 vitam
1406 2547 1516 2630 agant
1539 2548 1857 2631 congruenterque

354 2664 586 2734 sanctissimo
619 2665 779 2748 muneri;
804 2664 869 2734 sed
895 2665 1030 2733 multos
1054 2664 1105 2733 ita
1128 2663 1267 2748 vivere,
1291 2670 1333 2733 ut
1356 2664 1482 2733 omnia
1514 2665 1707 2734 sacerdotii
1735 2665 1856 2735 officia

354 2795 610 2873 contemnant,
632 2789 847 2879 gravissime
872 2790 1057 2859 dolemus:
1083 2809 1126 2859 eo
1152 2789 1268 2878 magis
1292 2789 1379 2878 quia
1409 2811 1485 2858 non
1508 2794 1652 2858 tantum
1682 2789 1857 2877 prodesse

354 2913 522 3000 exemplo
547 2933 615 2981 suo
640 2911 745 2994 boni,
769 2916 950 3001 quantum
979 2932 1111 2981 nocere
1136 2911 1294 3000 improbi
1323 2911 1453 2980 solent.
1479 2912 1570 2980 Nam
1603 2911 1686 2999 quis
1709 2932 1857 2999 persua-

354 3036 439 3106 deat
462 3037 650 3125 imperitae
675 3035 912 3122 multitudini,
932 3040 974 3106 ut
998 3037 1046 3106 ob
1070 3036 1360 3124 expectationem
1387 3038 1568 3105 bonorum
1593 3035 1854 3106 immortalium

354 3162 445 3232 haec
469 3162 570 3231 fluxa
592 3168 628 3231 et
652 3163 791 3232 caduca
821 3161 1109 3250 parvipendant,
1140 3166 1182 3230 ut
1214 3160 1373 3230 domitas
1404 3161 1567 3230 habeant
1597 3160 1731 3230 virtute
1760 3159 1857 3249 cupi-

353 3285 498 3369 ditates,
515 3292 556 3355 ut
580 3287 741 3356 fraterna
764 3285 915 3356 caritate
940 3285 1035 3354 inter
1059 3307 1098 3356 se
1123 3285 1286 3375 diligant,
1306 3285 1454 3373 quaudo
1478 3284 1542 3374 qui
1566 3286 1678 3354 duces
1701 3283 1783 3353 aliis
1806 3285 1854 3354 ad

355 3412 447 3481 bene
470 3411 668 3481 vivendum
692 3411 827 3482 debent
850 3432 949 3496 esse,
973 3409 1071 3479 vitae
1095 3431 1241 3480 cursum
1268 3416 1395 3480 tenent
1427 3431 1577 3496 prorsus
1601 3409 1857 3479 contrarium?

354 3535 550 3606 Enimvero
586 3536 775 3606 ferendum
811 3534 919 3604 vobis
953 3534 1092 3604 diutius
1124 3555 1201 3604 non
1237 3540 1304 3620 est,
1327 3539 1467 3603 tantam
1505 3533 1543 3602 in
1571 3533 1681 3602 domo
1706 3531 1853 3602 Domini

354 3659 665 3748 perturbationem
690 3659 829 3730 ordinis
854 3659 1032 3744 insidere,
1056 3659 1162 3730 cuius
1193 3660 1342 3749 quidem
1367 3659 1522 3730 similem
1546 3659 1672 3729 nullus
1702 3658 1859 3748 pateria-

355 3784 474 3854 milias
498 3785 595 3855 intra
618 3785 841 3855 domesticos
864 3785 1023 3873 parietes
1045 3783 1228 3854 toleraret.
1251 3784 1462 3853 Admoneat
1485 3803 1550 3853 vos
1574 3803 1762 3864 sacrorum
1786 3787 1855 3852 sta-

353 3914 434 3978 tuta
457 3930 657 3994 canonum;
682 3911 877 3978 hortantur
900 3914 936 3979 et
959 3915 1091 3998 urgent
1114 3907 1398 3978 constitutiones
1422 3907 1505 3976 illae
1523 3905 1676 3976 Concilii
1697 3907 1855 3976 Plenarii

354 4033 542 4104 Americae
559 4033 720 4117 Latinae,
736 4055 830 4122 quas
854 4032 1001 4121 quidem
1020 4054 1220 4122 numquam
1248 4031 1434 4102 obliterari
1459 4030 1660 4119 oportebit;
1685 4031 1856 4100 stimulos

354 4159 495 4229 addunt
518 4159 629 4228 huius
654 4157 886 4246 Apostolicae
911 4157 1017 4228 Sedis
1052 4157 1278 4245 praescripta
1301 4158 1359 4226 vel
1382 4155 1562 4226 recentia:
1587 4156 1713 4226 adeste
1743 4154 1858 4244 igitur

353 4283 505 4368 animiS,
529 4290 565 4353 et
588 4283 668 4353 sine
700 4281 949 4367 cunctatione,
973 4283 1230 4366 obsecramus,
1254 4282 1447 4351 admovete
1480 4301 1612 4350 manus
1640 4281 1687 4349 ad
1711 4279 1857 4350 meden-

354 4409 451 4477 dum.
489 4408 649 4478 Omnino
684 4407 854 4477 firmitate
890 4413 925 4476 et
960 4407 1169 4476 constantia
1200 4405 1356 4476 utamini
1400 4427 1496 4494 opus
1530 4410 1605 4489 est,
1629 4403 1694 4474 sed
1729 4408 1854 4474 tamen

328 4559 331 4566 ·
353 4538 507 4622 paterna
521 4553 666 4621 semper
689 4531 838 4602 caritate
855 4532 998 4602 comite.
1013 4531 1241 4602 Incredibilis
1265 4531 1362 4600 onim
1379 4531 1436 4600 vis
1452 4530 1549 4600 inest
1567 4530 1604 4599 in
1622 4529 1752 4600 officiis
1768 4529 1855 4598 cari-

351 4657 439 4728 tatis
455 4657 502 4727 ad
519 4657 736 4728 flectendam
761 4656 967 4726 animorum
984 4656 1272 4741 contumaciam;
1298 4660 1335 4724 at
1351 4655 1534 4744 siquando
1559 4653 1720 4724 lenitatis
1738 4653 1854 4722 indul·

352 4783 571 4873 gentiaeque
587 4782 668 4852 viae
693 4782 834 4851 nullum
859 4781 998 4851 exitum
1021 4781 1230 4865 habuerint,
1246 4787 1325 4850 tum
1342 4801 1388 4850 ne
1405 4779 1581 4851 dubitetis
1604 4779 1738 4848 iustam
1755 4777 1853 4846 adhi-

354 4908 439 4978 bere
464 4906 706 4976 severitatem.
724 4905 844 4993 Atque
860 4905 907 4974 ad
928 4903 1207 4975 instaurandam
1225 4903 1319 4975 Cleri
1335 4902 1446 4974 vestri
1471 4902 1701 4991 disciplinam
1720 4921 1857 4990 magno

352 5031 437 5102 usui
461 5031 544 5100 illae
568 5036 675 5100 erunt
703 5031 861 5114 litterae,
885 5029 1022 5119 quibus
1048 5031 1215 5099 Nostram
1242 5032 1292 5098 ad
1318 5030 1460 5135 Claram
1483 5031 1693 5098 ootlroticum
1715 5031 1856 5095 univcr-

351 5179 432 5226 sam
455 5159 747 5226 Exhortatioacm
782 5155 882 5225 haud
913 5156 965 5224 ita
988 5155 1129 5242 pridem
1166 5153 1443 5237 mandavimus;
1468 5153 1649 5241 siquidem
1685 5170 1852 5219 normam

352 5282 590 5370 regulamque
624 5281 777 5350 tradunt
806 5280 903 5350 vitae
938 5279 1195 5362 sacerdotalia,
1220 5285 1331 5367 atque
1367 5277 1495 5347 ordine
1531 5275 1695 5346 indicant
1717 5272 1852 5362 quibus

353 5401 547 5491 praesidiis
582 5403 732 5475 clericos
757 5403 803 5474 ad
828 5402 1109 5473 sanctimoniam
1146 5401 1304 5472 instituti
1340 5400 1397 5470 sui
1433 5400 1500 5470 niti
1535 5398 1739 5471 conveniat.
1764 5397 1857 5467 Esto
