4120 6284
348 433 386 493 Ἠ)
656 439 732 493 Acta
751 439 940 508 Apostolum
960 437 1057 494 Sacis.
1078 467 1096 480 ·
1117 440 1377 495 Cornmcnlarium
1397 440 1539 507 officiale.

1580 537 1842 545 ——--—.-

352 623 529 722 quinam
549 624 594 700 in
614 624 788 723 speciali
808 624 953 725 aliqua
972 627 1014 702 et
1033 627 1148 701 certa
1167 646 1413 701 causacum
1435 623 1654 702 Cardinali
1674 624 1844 700 Vicario

350 747 417 821 vel
443 745 649 823 Auditore
676 747 731 824 ad
758 747 1037 825 iudicandum
1060 749 1246 836 sedeant,
1278 749 1499 825 decernere
1528 747 1745 826 Cardinali
1774 747 1843 821 Vi-

354 871 467 947 cario
484 871 770 950 attribuimus.

452 996 513 1069 66.
538 996 607 1072 Ad
629 995 815 1072 officium
837 997 887 1072 dc
909 996 1145 1074 iudiciariis
1167 997 1359 1098 negotiis,
1386 997 1465 1074 hoc
1487 1000 1562 1086 est,
1589 997 1644 1074 ad
1666 997 1843 1074 Audito-

355 1142 442 1195 rem
467 1123 509 1196 et
533 1120 587 1197 ad
612 1121 807 1198 officiales
831 1121 969 1198 eidem
995 1123 1215 1210 subiectos,
1243 1124 1404 1222 spectat
1430 1144 1597 1221 quoque
1623 1145 1843 1224 processus

355 1243 558 1322 conficere
581 1244 632 1321 de
654 1246 1043 1345 dispensationibus
1065 1248 1463 1337 matrimonialibus,
1487 1247 1778 1325 demandatis
1801 1248 1848 1322 li-

355 1367 443 1444 beri
463 1369 601 1446 status
619 1392 693 1446 seu
713 1371 1003 1461 contrahendi,
1023 1369 1074 1447 de
1093 1371 1349 1448 correctione
1370 1370 1468 1448 fidei
1487 1372 1740 1461 nativitatis,
1761 1393 1847 1448 ma-

355 1493 547 1569 trimonii
571 1496 612 1570 et
637 1493 843 1570 similium
869 1497 1072 1584 actorum,
1100 1495 1151 1572 de
1177 1495 1461 1595 recognitione
1488 1497 1848 1595 subscriptionum

353 1615 395 1688 et
414 1611 778 1703 documentorum,
802 1615 970 1714 aliaque
990 1615 1120 1692 huius
1139 1616 1316 1716 generis.

457 1739 620 1834 Quibus
645 1741 690 1816 16
716 1741 896 1840 negotiis
920 1742 1232 1840 pertractandis
1259 1765 1308 1818 ac
1333 1741 1585 1819 definiendis
1612 1741 1850 1818 communis

357 1865 462 1940 iuris
481 1864 660 1964 regulae,
681 1866 722 1940 et
741 1863 808 1941 his
827 1862 1132 1954 deficientibus,
1152 1864 1388 1942 laudabiles
1409 1888 1457 1942 ac
1476 1866 1644 1966 probati
1663 1864 1850 1940 Vicaria-

358 1989 429 2064 tus
447 2009 550 2063 usus
569 1988 694 2063 erunt
713 1987 923 2064 servandi.

457 2113 518 2186 66.
542 2110 679 2187 Erunt
700 2111 874 2209 insuper
895 2111 939 2186 16
961 2111 1040 2187 hoc
1060 2112 1197 2188 officio
1219 2114 1270 2190 de
1292 2113 1528 2190 iudiciariis
1549 2111 1729 2212 negotiis
1752 2114 1849 2188 Pro-

361 2241 499 2312 motor
524 2237 722 2326 iustitiae,
751 2259 799 2312 ac
826 2236 1031 2314 Defensor
1055 2239 1229 2327 vinculi,
1258 2261 1283 2314 a
1310 2239 1527 2316 Cardinali
1555 2240 1724 2316 Vicario
1751 2262 1848 2315 cum

359 2363 662 2463 approbatione
685 2363 850 2441 Summi
873 2365 1092 2442 Pontificio
1114 2365 1310 2464 eligendi.

462 2491 529 2566 Nil
552 2493 695 2568 autem
718 2493 835 2567 vetat
857 2491 1085 2590 quominus
1108 2491 1212 2567 haec
1235 2513 1413 2567 munera
1436 2491 1511 2566 uni
1535 2490 1756 2587 eidemque
1782 2487 1846 2565 tri-

355 2616 555 2706 buantur,
578 2617 614 2693 si
632 2617 703 2694 ille
722 2617 870 2717 parsit
889 2617 1047 2694 eisdem
1068 2617 1147 2693 rite
1168 2615 1492 2694 satisfaciendis.

456 2743 517 2818 67.
551 2740 726 2831 Νο66611,
757 2742 1035 2819 cancellarius
1063 2741 1220 2841 aliique
1247 2742 1466 2818 inferiores
1495 2740 1750 2829 administri,
1777 2739 1851 2838 qui

359 2869 585 2945 necessarii
602 2868 688 2946 sint
704 2869 924 2968 explendis
942 2869 1190 2946 muneribus
1207 2869 1336 2946 huius
1351 2869 1477 2945 officii
1495 2867 1690 2966 propriis
1712 2890 1737 2942 a
1754 2866 1851 2942 Car-

359 2993 494 3070 dinali
516 2995 685 3071 Vicario
707 2994 927 3095 eligentur,
953 2995 1184 3094 praemisso
1207 3017 1353 3071 eorum
1375 2993 1582 3069 examine.

976 3275 1129 3360 Carus
1166 3279 1240 3361 IV.

896 3435 1087 3495 orrrcruu
1113 3435 1321 3506 6616666.

728 3569 787 3647 [lo
813 3565 1192 3649 administratione
1218 3563 1498 3645 oeconomico.

465 3762 526 3836 68.
550 3759 687 3837 Unica
722 3760 802 3836 erit
839 3757 1037 3835 omnibus
1074 3756 1316 3834 Vicariatus
1353 3755 1503 3832 officiis
1541 3751 1856 3831 administratio

362 3887 630 3964 oeconomica
643 3885 721 3962 sub
736 3883 1019 3983 dependentia
1035 3883 1274 3961 Cardinalis
1290 3881 1449 3957 Vicarii
1462 3883 1503 3957 et
1521 3879 1704 3956 Praelati
1720 3878 1856 3955 eidem

363 4013 726 4090 administrationi
760 4009 983 4106 Praefecti.

465 4140 526 4213 69.
543 4139 611 4214 Ad
626 4159 719 4214 eam
735 4135 978 4212 conferendi
994 4138 1094 4211 sunt
1108 4135 1270 4212 reditus
1284 4133 1473 4210 universi
1489 4133 1562 4231 qui
1578 4156 1630 4208 ex
1644 4130 1859 4228 rescriptis

369 4265 547 4363 aliisque
567 4262 707 4340 titulis
726 4261 949 4363 quibusvis
969 4261 1206 4337 Vicariatui
1226 4260 1401 4361 eiusque
1423 4257 1552 4335 variis
1573 4255 1717 4332 officiis
1738 4255 1858 4332 obve-

368 4387 502 4463 niant.
536 4387 637 4484 Ipsa
666 4406 808 4462 arcam
839 4383 1127 4460 nummariam
1157 4385 1198 4458 et
1227 4380 1431 4479 pecuniae
1462 4379 1604 4477 capita
1633 4375 1856 4458 custodiet,

365 4537 474 4614 quae
503 4511 739 4589 Vicariatui
768 4515 809 4587 et
838 4511 1039 4610 antiquae
1069 4530 1211 4586 sacrae
1242 4505 1565 4606 Congregationi
1590 4498 1860 4579 Visitationis

364 4642 486 4716 orant
506 4638 694 4737 propria:
718 4637 811 4736 ipsa
831 4635 1054 4736 pensiones
1072 4637 1113 4710 et
1135 4631 1495 4710 renumerationes
1518 4629 1739 4728 persolvet,
1766 4622 1859 4701 sub-

367 4766 476 4843 sidia
503 4765 729 4842 distribuet
757 4762 855 4860 (nisi
882 4762 1005 4839 aliter
1031 4759 1270 4839 Cardinalis
1293 4756 1488 4834 Vicarins
1515 4755 1560 4830 in
1588 4753 1731 4851 aliquo
1759 4773 1859 4828 casu

366 4893 610 4969 faciendum
632 4889 871 4986 censuerit),
895 4887 1094 4964 oneribus
1116 4883 1360 4971 satisfaciet,
1385 4882 1588 4980 expensis
1602 4883 1791 4955 occurret
1810 4875 1861 4952 si-

367 5041 418 5094 ve
444 5017 671 5095 ordinariis
698 5015 786 5093 sive
813 5011 1174 5098 extraordinariis,
1205 5033 1313 5109 quae
1341 5032 1366 5086 a
1393 5006 1611 5085 Cardinali
1635 5003 1762 5081 Urbis
1789 5002 1860 5076 Vi-

367 5143 481 5221 66616
513 5144 579 5219 vel
612 5166 637 5218 6
669 5139 876 5218 Ρ66616616
907 5137 1148 5216 Vicariatus
1185 5135 1333 5212 officiis
1371 5133 1623 5232 praepositis
1660 5131 1861 5229 probatae

369 5273 505 5347 erunt.
1006 5355 1008 5360 Ι

472 5395 532 5470 70.
558 5393 763 5489 Quamvis
784 5395 927 5469 autem
949 5391 1077 5467 unica
1098 5389 1153 5466 sit
1175 5386 1503 5473 administratio,
1529 5407 1618 5460 sors
1640 5385 1681 5458 et
1703 5380 1864 5457 reditus

373 5547 425 5600 ex
469 5521 731 5610 fundatione,
757 5521 831 5596 aut
855 5542 907 5595 ex
930 5539 1128 5617 expressa
1152 5517 1319 5615 piorum
1343 5513 1581 5589 oblatorum
1629 5507 1861 5591 voluntate,
