4038 6274
748 503 779 562 S.
799 505 944 562 nomam
966 506 1054 561 Rota.
1574 501 1623 559 161

131 688 417 778 dispensationis
436 693 570 760 miratae
591 691 789 778 relipioats,
806 689 1042 760 inverisimile
1065 689 1216 760 omnino
1231 689 1393 776 videtur3
1410 710 1492 760 oum
1513 690 1626 760 Reve-

131 813 262 883 rendus
279 813 465 885 Dominus
481 813 655 903 Chapelle
671 814 735 903 qui
750 812 857 902 petiit
871 818 908 884 et
923 813 1132 902 impetravit
1148 813 1473 902 dispensationem,
1490 813 1625 884 diserte

131 939 281 1008 affirmet
297 939 369 1009 sub
386 937 458 1009 fide
473 939 682 1024 iuramenti,
698 959 739 1009 se
755 938 1070 1027 dispensationem
1093 941 1327 1028 disparitatis
1341 942 1460 1009 cnunc
1469 941 1626 1025 petiisse,

132 1067 161 1132 ct
182 1063 222 1132 in
246 1063 442 1154 Rescripto
467 1063 598 1134 Curiae
623 1062 905 1134 Baltimorensis
933 1083 1146 1134 concessam
1173 1063 1287 1134 brisse
1311 1062 1626 1152 dispensationem

133 1188 353 1277 disparitatis
376 1189 514 1274 cultus;
1423 1171 1452 1220 ⁰

228 1314 287 1384 Ad
311 1313 370 1383 IV.
387 1318 424 1384 et
440 1318 584 1384 coetera
607 1312 863 1384 instructionis
885 1313 1076 1402 proposita
1091 1312 1214 1402 capita
1229 1352 1248 1366 -
1265 1319 1405 1384 certum
1422 1317 1478 1383 est
1492 1312 1551 1403 agi
1567 1313 1626 1383 vel

132 1436 167 1505 dc
193 1435 326 1507 iisdem
351 1435 527 1522 articulis,
550 1437 610 1507 vel
632 1437 678 1508 de
701 1436 831 1508 iisdem
855 1437 1013 1508 testibus
1036 1457 1148 1526 super
1177 1435 1307 1507 iisdem
1330 1436 1390 1506 vel
1412 1434 1517 1507 novis
1541 1434 1626 1505 arti-

131 1561 216 1631 culis
245 1561 456 1648 audiendis,
487 1565 524 1632 et
555 1561 641 1632 hinc
671 1561 796 1632 obstat
826 1562 938 1633 citata
968 1561 1198 1632 Clementiae
1229 1560 1462 1632 Constitutio.
1493 1560 1622 1648 Quoad

131 1708 244 1758 novos
274 1709 364 1758 vero
395 1691 508 1759 testes
540 1688 646 1758 adast
672 1687 925 1775 praesumptio
954 1687 1054 1777 quod
1084 1689 1180 1758 nibil
1213 1690 1298 1757 novi
1323 1685 1459 1772 sciant;
1483 1687 1571 1776 quia
1593 1685 1625 1756 si

132 1817 250 1881 essent
273 1811 319 1882 de
342 1832 382 1882 re
405 1812 500 1882 bene
524 1811 655 1897 edocti,
674 1811 748 1882 iam
772 1811 942 1900 producti
966 1817 1106 1897 esseut;
1123 1816 1159 1881 et
1182 1810 1332 1882 aliunde
1356 1811 1394 1881 in
1417 1811 1525 1882 novis
1547 1832 1626 1899 pro-

132 1937 256 2024 positis
279 1936 444 2008 articulis
467 1939 564 2007 nibil
587 1941 670 2006 nont
693 1936 903 2008 continetur
925 1937 1026 2026 quod
1049 1936 1203 2007 influere
1227 1937 1346 2025 possit
1368 1936 1415 2006 ad
1434 1935 1624 2006 veritatem

131 2061 380 2152 detegendam.
406 2060 595 2150 Quidquid
618 2062 716 2132 enim
738 2061 988 2151 respondeant
1009 2063 1123 2131 testes
1147 2059 1243 2131 circa
1266 2079 1419 2131 caussas
1441 2059 1627 2148 dispensa·

131 2186 235 2256 tionis
252 2192 291 2257 et
306 2187 472 2258 cautelas
488 2187 743 2275 praestandas,
759 2187 936 2257 standum
951 2186 1020 2256 erit
1036 2206 1181 2274 semper
1196 2205 1263 2274 pro
1278 2184 1467 2255 validitate
1482 2184 1626 2273 dispeu-

133 2311 301 2382 sationis:
326 2316 468 2382 certum
492 2315 550 2381 est
572 2310 670 2382 enim
694 2309 733 2380 in
757 2332 847 2381 casu
868 2332 945 2381 nou
968 2309 1129 2384 defuisse
1153 2331 1303 2381 causam
1327 2307 1625 2398 dispensationis,

130 2457 243 2525 neque
269 2435 480 2506 cautiones:
497 2473 517 2488 ·
534 2456 611 2504 non
635 2435 751 2505 defuit
766 2456 896 2520 causa;
913 2434 1001 2524 quia
1017 2434 1146 2504 saltem
1171 2433 1290 2504 adluit
1305 2433 1368 2504 illa
1383 2454 1496 2504 causa
1512 2453 1625 2522 quam

130 2561 288 2630 referunt
305 2560 550 2631 communiter
564 2559 742 2631 Doctores
762 2560 808 2630 de
823 2559 882 2630 bis
895 2558 1108 2649 regionibus
1124 2558 1337 2644 scribentes,
1353 2557 1501 2643 scilicet,
1516 2557 1627 2628 timor

131 2684 245 2772 gravis
261 2706 308 2754 ne
327 2684 466 2774 sponsi,
481 2689 653 2756 recusata
673 2683 959 2773 dispensatione,
976 2683 1251 2754 matrimonium
1268 2703 1390 2753 coram
1410 2681 1625 2772 magistratu

129 2807 217 2878 civili
249 2809 306 2879 vel
329 2807 514 2878 haeretico
538 2807 736 2878 ministello
760 2808 907 2878 ineant:
925 2847 944 2860 -
961 2829 1037 2878 non
1060 2808 1209 2879 defuere
1232 2806 1433 2890 cautiones,
1458 2827 1626 2896 quarum,

128 2937 269 3017 praeter
292 2929 398 3013 alias,
412 2931 583 3020 probatio
600 2931 740 3020 optima
763 2931 940 3021 estquod
962 2952 986 3000 a
1008 2952 1147 3019 sponso
1170 2951 1246 3000 non
1268 2928 1454 3018 baptizato
1470 2929 1625 2999 fideliter

127 3051 296 3142 impletae
328 3055 476 3125 fuerint.
502 3054 665 3142 Quodsi
689 3076 733 3125 ex
757 3055 865 3124 novis
896 3055 1046 3125 testium
1076 3053 1370 3143 depositionibus
1401 3053 1626 3143 ingereretur

127 3180 312 3266 quoddam
329 3179 482 3249 dubium
502 3181 547 3250 de
563 3179 623 3250 his
639 3179 761 3250 causis
777 3183 843 3249 aut
858 3179 1103 3264 cautionibus,
1116 3199 1260 3268 semper
1276 3178 1396 3266 posito
1412 3177 1483 3248 hoc
1499 3176 1624 3262 dubi0,

129 3304 297 3374 standum
324 3309 423 3374 esset
445 3325 512 3393 pro
536 3305 660 3375 valore
683 3303 972 3393 dispensationis
995 3302 1199 3388 etidcirco,
1223 3301 1456 3374 matrimonii.

223 3431 256 3519 c)
273 3428 526 3499 Adverterunt
547 3433 672 3499 antem
689 3427 838 3498 Domini
858 3449 948 3500 suae
964 3426 1180 3497 intentionis
1196 3426 1311 3497 tuisse
1329 3447 1502 3515 respuere
1517 3447 1624 3515 expe

128 3549 224 3621 titam
248 3552 546 3636 instructionem,
569 3551 657 3641 quia
688 3573 763 3622 non
792 3551 954 3622 continet
980 3573 1092 3620 novoe
1114 3549 1354 3620 deductiones
1377 3550 1425 3619 ad
1448 3550 1625 3638 praescri·

128 3679 223 3760 ptum
248 3695 441 3764 sacrorum
466 3674 681 3760 Canonum;
705 3695 819 3764 quare
843 3695 988 3763 semper
1011 3673 1197 3745 audienda
1227 3679 1324 3745 esset
1347 3673 1471 3744 Aotrix
1495 3673 1527 3744 si
1550 3695 1625 3743 rem

127 3819 250 3870 amam
274 3800 336 3869 vel
359 3803 468 3868 abbo
490 3804 697 3887 ipnoratom
720 3800 949 3887 produceret.

223 3924 339 3994 Hisce
363 3923 474 4014 igitur
497 3924 671 3995 omnibus
694 3929 772 3994 tum
798 3923 836 3993 in
859 3928 940 3992 tare
963 3926 1043 3993 tum
1067 3922 1105 3992 in
1128 3927 1223 4010 facto
1247 3922 1408 4008 attentis,
1426 3923 1484 3994 die
1503 3923 1548 3992 29
1564 3943 1627 3992 no

127 4048 563 4134 vembris1911,Domini
587 4050 828 4120 decreverunt
851 4053 1044 4137 eopetitam
1067 4071 1198 4118 mnam
1221 4053 1491 4120 inatrrrcttoocm
1510 4069 1626 4118 conca-

126 4175 280 4243 dendom
294 4196 369 4244 non
392 4194 475 4259 eoae,
493 4178 530 4243 et
549 4174 646 4244 hanc
669 4174 822 4263 proinde
846 4173 925 4245 iure
948 4173 1164 4263 meritoque,
1182 4194 1250 4244 suo
1267 4173 1421 4243 Decreto
1438 4171 1624 4261 respuisse

126 4297 287 4369 Iudicem
310 4299 585 4369 Instructorem.

972 4387 1126 4459 Michabl
1150 4388 1256 4477 Lega,
1279 4389 1456 4470 Decorum,
1473 4388 1624 4456 Pomm.

973 4494 1178 4566 Guilelmus
1203 4492 1469 4564 Sebastianelli.

973 4599 1202 4690 Seraphinus
1226 4600 1344 4686 Many.

972 4707 1192 4778 Franciscus
1215 4705 1362 4777 Heiner.

973 4815 1135 4886 Aloisius
1160 4813 1321 4884 Sincero.

973 4920 1106 5010 loseph
1132 4919 1233 4990 Mori.

972 5027 1179 5097 Friderious
1204 5025 1358 5096 Cattani.

971 5132 1155 5205 Antonius
1180 5133 1414 5204 Perathoner.

974 5241 1153 5330 Iosephus
1176 5239 1328 5310 Alberti.

972 5349 1103 5418 Petrus
1127 5345 1300 5417 Rossetti.

220 5439 296 5505 Sao.
320 5437 509 5503 'lancredes
529 5439 624 5516 Tani,
646 5440 821 5502 Notarius.
908 5485 910 5490 -

774 5621 972 5634 —n—
