4038 6274
702 457 734 513 S.
757 457 957 528 eoaqroqata
976 459 1105 514 Ritaum
1606 459 1658 517 103

161 634 251 704 sioni
276 635 315 705 in
345 636 521 708 universa
551 638 752 712 christiana
779 641 967 729 republica
997 642 1291 732 praepositorum
1326 650 1363 714 et
1397 645 1657 747 delegatorum,

159 762 200 830 de
223 761 402 849 peculiari
427 762 490 834 SS.
506 763 549 833 D.
568 763 610 834 N.
634 763 689 834 Pii
714 765 837 854 Papae
860 766 894 836 X
918 767 1094 838 mandato
1118 767 1306 839 damnavit
1330 770 1552 857 aldamum,
1576 793 1658 860 pro-

160 885 305 974 scripsit
334 887 613 977 proscribitque‚
641 894 752 978 atque
783 889 821 960 in
854 891 1015 962 Iudicem
1040 891 1215 962 librorum
1241 877 1511 982 prohibitorum
1534 896 1659 967 referri

161 1010 349 1080 mandavit
372 1017 409 1081 et
432 1013 582 1083 mandat
606 1034 700 1102 opus
725 1013 959 1104 inscriptum:

262 1191 387 1260 Mauro
401 1191 617 1276 Pacuuium,
634 1195 784 1276 Quando
795 1215 870 1264 aon
882 1216 1063 1264 merrom
1077 1199 1257 1266 Romam
1271 1201 1393 1268 eroice.
1406 1201 1548 1268 Milone
1560 1205 1658 1270 1911.

263 1369 391 1459 ltaque
415 1391 525 1440 nemo
549 1371 815 1460 cuiuscumque
845 1373 982 1462 gradus
1006 1379 1043 1444 et
1066 1374 1288 1447 conditionis
1311 1377 1539 1465 praedictum
1563 1399 1658 1467 opus

164 1495 376 1564 damnatum
399 1499 510 1584 atque
534 1495 791 1584 proscriptum,
816 1518 1049 1588 quocumque
1065 1499 1145 1570 loco
1163 1505 1200 1570 et
1215 1521 1449 1591 quocumque
1473 1502 1664 1590 idiomate*

167 1625 226 1689 aut
247 1619 286 1690 in
308 1624 497 1709 posterum
521 1621 639 1705 edere,
656 1624 722 1690 aut
737 1621 875 1692 editum
893 1622 1012 1712 legere
1029 1623 1087 1694 vel
1103 1625 1260 1696 retinere
1276 1626 1422 1712 audeat,
1442 1627 1513 1697 sub
1529 1629 1658 1718 poenis

169 1744 202 1813 iu
223 1744 343 1814 Indice
367 1744 542 1814 librorum
568 1745 763 1816 vetitorum
788 1745 946 1820 indictis.

263 1869 397 1938 Datum
422 1869 573 1954 Romae,
597 1869 656 1940 die
682 1871 698 1940 1
724 1869 914 1942 Februarii
940 1873 1037 1942 1911.

546 2047 583 2116 F.
610 2046 722 2118 Canu.
747 2049 872 2119 Duum
895 2049 1031 2136 Voces,
1054 2051 1271 2140 Praefectus.

265 2135 416 2223 ngas

958 2228 1121 2300 Thomas
1144 2229 1264 2316 Esser,
1289 2229 1332 2300 O.
1350 2231 1401 2317 Ρ.,
1425 2229 1656 2304 Secretc'rc‘ua

884 2511 938 2594 II.

262 2691 415 2762 Decreta
440 2691 476 2762 S.
494 2688 797 2781 Congregationis
821 2689 893 2759 diei
917 2691 961 2759 11
978 2691 1139 2762 Ianuarii
1163 2691 1329 2779 proxime
1353 2691 1468 2781 elapsi
1493 2691 1658 2763 laudabi-

176 2814 305 2886 literae
329 2815 486 2886 subiecit
509 2817 551 2886 R.
576 2816 619 2885 D.
645 2815 683 2884 L.
707 2813 913 2884 Duclresne.

311 2940 352 3009 ln
377 2962 536 3030 quorum
559 2939 671 3010 fidem

265 3085 413 3168 Romae,
438 3084 499 3154 die
525 3085 568 3154 10
590 3081 780 3153 Februarii
807 3081 902 3151 1911.

950 3223 1113 3294 Thomas
1137 3224 1258 3310 Esser,
1283 3225 1325 3296 O.
1351 3226 1400 3310 Ρ.,
1425 3226 1655 3296 Smrclcrlca

790 3474 1029 3484 ...—

534 3741 577 3870 s.
616 3740 1010 3869 consulturo
1051 3693 1296 3868 RtTtlth

894 4135 926 4218 Ι.

777 4275 1044 4361 LEODIEN.

188 4471 353 4528 paenarum
386 4475 699 4530 asaslrtcfflortls
731 4477 775 4526 b'r
809 4475 1112 4526 cnsonlzsrrorus
1146 4477 1226 4526 VEN.
1255 4475 1392 4525 SERVAE
1425 4475 1483 4525 ost
1507 4475 1660 4526 SORORIS

269 4601 400 4652 ussus
432 4601 608 4651 sannaus
639 4601 733 4651 HAle
765 4599 1004 4650 sunuarulcts
1039 4600 1084 4650 AG
1110 4601 1255 4688 ‘Fuluus
1284 4599 1552 4650 nonsummum
1580 4600 1661 4650 CON-

269 4723 507 4776 sauuartouts
530 4724 710 4774 ululabunt
732 4723 756 4774 A
781 4724 906 4774 CRUCE.

269 4865 329 4938 Die
358 4869 402 4937 17
427 4866 618 4937 Februarii
650 4887 709 4936 an.
735 4866 822 4935 1781
847 4863 987 4949 leodii,
1011 4863 1049 4934 in
1075 4865 1223 4955 Belgio,
1248 4872 1336 4934 nata
1364 4871 1420 4934 est
1451 4864 1566 4934 Maria
1594 4864 1661 4934 Te-

185 4986 263 5058 resia
283 4991 390 5076 Haze,
413 4997 526 5061 autea
550 4991 692 5060 Ioanne
718 4989 920 5079 appellata,
944 5009 1039 5078 quae
1066 5010 1182 5078 quum
1214 4989 1502 5059 adolescentiam
1534 4988 1662 5059 lauda-

186 5107 284 5184 biliter
305 5117 496 5206 exegisset,
520 5115 660 5204 nuptiis
680 5113 825 5204 spretis,
840 5119 956 5184 totam
982 5134 1022 5183 se
1047 5113 1124 5183 Deo
1141 5135 1184 5184 ac
1200 5113 1475 5184 misericordiae¹
1488 5113 1663 5202 operibus

186 5239 391 5328 mancipavit.
410 5239 509 5312 Nulli
527 5239 624 5311 euim
641 5260 798 5328 parcens
814 5239 930 5309 labori
948 5259 991 5308 ac
1007 5239 1151 5329 maguis
1174 5239 1388 5324 obstaculis
1407 5239 1484 5309 Deo
1501 5237 1662 5324 iuvante,

187 5366 352 5451 superatis,
366 5365 700 5456 Congregationem
717 5363 876 5434 instituit
888 5363 1062 5433 Filiorum
1076 5385 1098 5432 a
1112 5362 1237 5448 Cruce,
1250 5384 1407 5452 quarum
1423 5363 1661 5452 praecipuum

188 5501 301 5560 munus
327 5499 384 5563 est
417 5491 631 5562 incumbere
667 5509 776 5560 curae
811 5487 1091 5579 aegrotantium,
1123 5487 1363 5576 captivorum,
1386 5493 1423 5558 et
1457 5486 1661 5586 puellarum
