4038 6274
362 412 414 470 140
662 417 740 470 Acta
763 415 953 483 apostoticae
971 414 1068 472 Sedis.
1091 442 1110 454 -
1130 414 1390 470 Commentarius»
1411 415 1552 482 officiolo.

363 602 493 673 diebus
518 600 745 672 convenisse.
770 601 824 670 llo
841 621 930 670 sane
946 620 1013 670 vos
1029 619 1117 670 cura
1132 599 1310 688 compulit
1325 619 1369 669 ac
1385 598 1592 669 sollicitudo
1616 597 1861 669 Ecclesiarum

362 733 578 812 vestrarum,
595 748 750 817 quarum
768 724 1062 797 studiosissimos
1077 745 1146 794 vos
1162 745 1244 796 esse
1259 724 1456 795 laetamur:
1473 724 1540 795 sed
1554 724 1737 795 laetamur
1752 723 1859 793 etiam

363 853 400 923 id
424 851 536 922 studii
560 872 642 922 cum
667 849 790 956 studio
823 849 959 939 optime
991 847 1188 919 cohaerere
1219 868 1293 937 quo
1325 847 1577 937 Apostolicam
1608 847 1706 917 hanc
1731 846 1862 917 Sedem

362 975 638 1067 prosequimini.
664 976 706 1046 ld
728 975 800 1064 ipsi
819 996 887 1046 vos
907 973 1063 1063 professi
1081 973 1181 1058 estis
1198 995 1281 1043 cum
1297 971 1497 1044 nuntiastis
1511 973 1570 1043 vel
1587 972 1668 1061 ipso
1685 972 1723 1042 in
1738 971 1863 1042 limine

363 1101 676 1172 consultationum
701 1100 748 1170 ad
771 1100 848 1170 Nos
870 1098 1086 1188 provolasse
1111 1097 1352 1188 cogitationes
1366 1102 1528 1181 uestras,
1544 1101 1581 1166 et
1596 1095 1863 1186 significatione

362 1225 675 1315 propensissimae
690 1224 729 1295 in
746 1224 823 1295 Nos
839 1223 1041 1296 voluntatis
1057 1228 1203 1294 coetum
1223 1221 1406 1312 auspicari
1429 1221 1622 1312 placuisse.
1647 1219 1863 1290 Amavimus

261 1343 262 1346 ’
361 1355 505 1422 vestrae
529 1349 567 1420 in
590 1348 667 1418 Nos
691 1348 838 1438 pietatis
861 1346 1046 1433 officium3
1070 1345 1232 1418 vicissim
1249 1352 1384 1431 autem,
1404 1366 1451 1416 ne
1475 1345 1594 1416 officia
1616 1344 1723 1414 vobis
1743 1343 1865 1415 desint

362 1473 525 1546 caritatis
549 1474 716 1557 Nostrae,
739 1471 809 1542 has
833 1472 966 1542 damus
989 1470 1096 1541 vobis
1119 1470 1272 1556 litteras,
1295 1469 1450 1542 nuncies
1474 1489 1559 1539 cum
1585 1473 1711 1559 gratae
1734 1467 1864 1537 volun-

362 1600 450 1670 tatis
473 1620 548 1688 qua
570 1619 638 1669 vos
661 1596 948 1685 complectimur,
971 1601 1051 1666 tum
1073 1595 1307 1685 spostolicae
1324 1592 1597 1666 Benedictionis
1612 1613 1724 1682 quarn
1749 1592 1865 1662 caele-

363 1726 474 1796 stium
494 1723 682 1813 auspicem
704 1723 900 1807 honorum,
919 1720 1119 1811 unicuique
1138 1725 1314 1806 vestrum,
1331 1717 1566 1790 venerabiles
1582 1717 1740 1802 Fratres,
1757 1716 1864 1787 Clero

362 1871 406 1920 ac
421 1848 559 1939 populo
575 1868 669 1937 quos
690 1845 920 1917 concreditos
937 1845 1093 1931 habetis,
1110 1843 1362 1914 amantissime
1385 1841 1424 1912 in
1447 1841 1606 1912 Domino
1622 1840 1864 1930 impertimus

466 1973 603 2044 Datum
627 1973 768 2043 Romae
792 1971 892 2060 apud
918 1970 952 2041 S.
970 1970 1132 2055 Petrum,
1156 1969 1214 2039 die
1237 1988 1301 2037 xrx
1326 1967 1515 2038 Februarii
1538 1986 1689 2051 uonxn,
1714 1964 1866 2037 Pontifi-

363 2104 467 2173 catus
492 2096 617 2169 Nostri
639 2119 738 2168 anno
761 2117 875 2166 nono.

976 2235 1085 2307 PIUS
1109 2236 1180 2307 ΡΡ.
1203 2235 1248 2306 X.

1073 2505 1150 2588 III.

362 2693 412 2742 An
436 2691 468 2739 tt.
493 2689 528 2739 D.
552 2687 718 2738 JACOBUM
742 2685 1016 2736 cntnsnuct'mn
1047 2683 1203 2749 wirunt,
1227 2682 1503 2733 noustmronnn
1527 2680 1712 2732 uenturost
1735 2681 1865 2730 musu-

466 2813 594 2864 NORUM
624 2812 806 2863 INSTITUTI
839 2819 857 2855 «
879 2810 925 2859 OF
948 2808 1143 2860 cflmsfflrt
1174 2807 1365 2868 unorflsus
1383 2816 1401 2851 »
1433 2807 1656 2873 nuncupant,
1680 2805 1865 2856 fluerunt·

466 2939 587 2992 ‘rioms
611 2939 718 2990 ERGO.

466 3082 604 3153 Dilecta
638 3036 724 3163 ¹Fili,
752 3077 909 3147 salutem
941 3080 977 3148 et
1008 3075 1251 3165 apostolicam
1282 3072 1586 3144 benedictionem.
1612 3113 1654 3124 -—
1678 3073 1748 3144 Est
1772 3092 1865 3142 sane

363 3196 596 3279 nobilissima
617 3203 700 3272 laus
722 3201 914 3292 religiosae
938 3199 1098 3271 familiae
1129 3220 1242 3289 quam
1274 3196 1476 3269 moderaris
1500 3217 1545 3268 ea
1567 3197 1766 3287 diligentia,
1789 3217 1863 3285 qua

362 3333 402 3404 in
424 3328 649 3402 adolescenti
672 3331 792 3398 aetate
816 3327 883 3397 rite
908 3324 1137 3396 instituenda
1162 3323 1320 3394 iamdiu
1335 3327 1513 3393 versatur.
1538 3321 1718 3412 Equidem
1741 3321 1864 3411 magni

364 3457 530 3540 iacimus,
554 3453 685 3524 dilecte
702 3450 781 3536 Fili,
798 3450 988 3521 caritatem
1003 3449 1100 3520 hanc
1115 3453 1287 3533 vestram,
1303 3467 1399 3536 quae
1415 3467 1560 3536 pueros,
1584 3467 1679 3535 quos
1693 3445 1732 3516 in
1747 3445 1865 3516 oculis

364 3580 526 3666 ferimus,
543 3577 742 3649 christiano
759 3595 861 3645 more
877 3572 1141 3663 complectitur.
1166 3571 1281 3642 Plane
1297 3571 1395 3642 enim
1411 3570 1650 3660 intelligimus
1664 3569 1864 3659 plurimum

364 3725 446 3776 eam
470 3703 635 3774 conferre
659 3700 707 3772 ad
730 3698 926 3785 Ecclesiae,
943 3698 991 3768 ad
1013 3696 1236 3785 reipublicae
1250 3696 1402 3781 honum,
1418 3716 1531 3784 quum
1556 3700 1750 3784 utramque
1769 3695 1864 3765 bene

365 3835 592 3901 moratorum
616 3826 751 3898 civium
776 3824 883 3913 copia
906 3829 1040 3913 augeat
1063 3827 1174 3910 atque
1197 3825 1359 3892 exornet.
1385 3820 1465 3891 Hac
1488 3820 1703 3910 praesertim
1734 3823 1865 3905 aetate,

365 3975 481 4044 quum
505 3951 544 4022 in
568 3950 704 4023 scholis
729 3949 885 4039 publicis
908 3948 961 4018 ita
984 3968 1121 4037 pueros
1139 3946 1276 4018 erudiri
1291 3945 1471 4030 videmus
1487 3949 1539 4030 ut,
1555 3944 1586 4016 si
1602 3966 1679 4016 non
1695 3945 1864 4016 consulto

365 4075 544 4150 doctrinis
568 4096 669 4146 error
692 4073 951 4158 admisceatur,
974 4077 1099 4142 tamen
1124 4070 1170 4141 de
1190 4068 1329 4141 divinis
1351 4070 1474 4155 rebus
1491 4071 1535 4140 de
1560 4068 1769 4140 christianis
1792 4090 1866 4139 mo

364 4203 469 4274 ribus
491 4201 594 4271 nulla
617 4199 683 4268 fiat
705 4197 924 4288 praecepti0,
948 4195 1090 4286 egregie
1106 4216 1174 4266 vos
1197 4194 1327 4266 mereri
1351 4195 1480 4264 scitote
1503 4195 1549 4265 de
1572 4198 1723 4265 aeterna
1737 4214 1865 4264 eorum

365 4325 531 4398 omnium
556 4323 686 4408 salute,
703 4343 798 4411 quos
819 4319 1007 4410 religionis
1031 4319 1228 4409 disciplina
1244 4318 1355 4388 simul
1370 4324 1408 4389 et
1421 4318 1553 4390 litteris
1569 4317 1745 4389 excolitis.
1771 4319 1866 4388 Sunt

366 4451 502 4542 quippe
518 4446 705 4537 religionis
729 4451 934 4536 praecepta,
958 4445 1026 4515 rite
1051 4465 1094 4515 ac
1117 4449 1259 4514 mature
1282 4443 1428 4528 tradita,
1445 4443 1552 4532 quasi
1568 4443 1749 4532 quaedam
1767 4444 1866 4514 bona

366 4576 517 4659 semina,
541 4593 637 4662 quae
660 4570 772 4641 insita
794 4569 894 4640 iniis
911 4569 1003 4658 ipsis
1019 4590 1113 4658 quos
1129 4574 1261 4658 postea
1283 4567 1501 4639 immodicae
1526 4568 1717 4656 cupidines
1733 4569 1864 4639 misere

364 4707 596 4771 transversos
619 4701 745 4788 agunt,
769 4697 890 4766 fructu
922 4716 1045 4766 carere
1072 4716 1148 4765 non
1178 4694 1310 4780 solent,
1334 4693 1465 4764 saltem
1488 4693 1559 4764 seri
1590 4695 1639 4764 ad
1669 4694 1864 4765 sanitatem

367 4826 518 4898 reditus.

470 4949 609 5036 Itaque,
634 4945 764 5016 dilecte
788 4943 867 5030 Fili,
891 4950 926 5014 te
950 4949 1108 5033 tuosque
1132 4942 1279 5013 sodales
1303 4945 1345 5010 ut
1368 4940 1507 5029 coeptis
1530 4942 1679 5029 optimis
1699 4943 1864 5014 studiose

366 5074 546 5144 insistatis
568 5072 770 5141 hortamur.
795 5070 925 5141 Messis
942 5069 1091 5158 quidem
1115 5069 1232 5138 multa
1246 5067 1354 5137 vobis
1378 5065 1416 5135 in
1440 5072 1640 5155 conspectu
1663 5073 1729 5153 est,
1749 5089 1863 5157 quum

365 5199 439 5270 lere
463 5197 600 5286 ubique
624 5195 749 5285 pueris
765 5198 821 5265 tot
835 5193 1047 5265 iniiciantur
1071 5193 1318 5265 offensionum
1341 5211 1485 5262 causae.
1510 5191 1590 5261 Hoc
1613 5191 1724 5280 igitur
1740 5213 1865 5262 curan·

366 5324 455 5394 dum
478 5322 517 5392 in
541 5320 679 5411 primis,
702 5325 745 5389 ut
767 5325 890 5390 vestra
922 5319 1085 5390 tironum
1121 5317 1273 5407 collegia
1307 5337 1351 5387 ac
1385 5316 1519 5387 domus
1547 5321 1862 5404 praeparatoriae,
1954 5343 1957 5348 ·

366 5453 460 5539 quc's
482 5446 635 5532 vocatis,
659 5443 948 5516 adolescentium
971 5443 1178 5533 frequentia
1202 5442 1368 5528 floreant,
1395 5440 1458 5530 qui
1488 5441 1637 5512 virtutis
1667 5441 1867 5514 doctrinae
