4120 6284
693 513 724 568 S.
746 513 939 582 Conco-spatio
958 513 1091 568 Rittium.
1606 509 1640 564 67

155 697 185 766 fit
205 697 377 768 Officium
405 700 451 771 de
476 700 533 771 die
557 701 652 770 infra
678 701 756 772 Oct.
775 700 995 786 nativitatis,
1021 700 1094 770 ritu
1118 699 1357 789 semiduplici,
1372 705 1414 769 ut
1437 697 1542 784 iufra,
1558 719 1641 769 cum

155 806 495 877 commemoratione
510 807 617 877 trium
640 807 881 892 Octavarum3
898 812 935 877 et
952 806 996 876 ll.
1009 807 1192 895 Vesperae
1208 805 1390 889 dicuntur,
1406 803 1478 874 ritu
1495 805 1641 893 duplici,

155 913 189 982 de
210 911 425 999 Nativitate,
450 935 472 983 a
493 913 656 1003 capitulo
680 915 725 986 de
750 913 786 985 S.
804 913 981 984 Silvestro
1005 933 1088 984 cum
1113 911 1460 983 commemoratione
1481 916 1642 1001 quatuor

156 1018 378 1090 Octavarum.

247 1126 286 1197 Si
314 1147 403 1197 vero
429 1128 621 1200 Dominica
650 1129 792 1199 venerit
815 1128 874 1198 die
897 1128 942 1198 30
965 1127 1190 1211 Decembris,
1213 1127 1252 1196 in
1284 1125 1445 1196 Sabbato
1470 1123 1644 1212 dicuntur

154 1234 326 1322 l'esperae
351 1235 396 1305 de
421 1236 629 1321 Nativitate,
653 1235 728 1306 ritu
758 1234 1000 1324 semiduplici,
1025 1257 1047 1304 a
1078 1234 1239 1323 capitulo
1266 1233 1311 1304 de
1335 1231 1527 1302 Dominica
1558 1253 1639 1302 cum

155 1340 494 1412 commemoratione
520 1341 555 1412 S.
573 1343 737 1412 Thomas
761 1347 798 1412 et
813 1348 972 1431 quatuor
990 1341 1223 1412 Octavarum.
1240 1341 1326 1429 Ipsa
1341 1360 1428 1410 vero
1445 1339 1504 1409 die
1520 1337 1640 1408 Domi·

154 1447 227 1516 nica
249 1445 290 1516 fit
308 1447 477 1519 Officium
502 1449 546 1519 de
571 1470 626 1535 ea,
641 1449 713 1519 ritu
738 1447 979 1536 semiduplici,
997 1453 1034 1518 et
1056 1449 1102 1518 ad
1120 1448 1264 1517 Laudes
1280 1445 1322 1516 fit
1341 1443 1640 1517 commemoratio

153 1559 305 1642 quatuor
322 1554 557 1625 Octavarum.
574 1555 617 1625 ln
632 1555 678 1626 ll.
696 1563 818 1626 autem
834 1555 1006 1644 Vesperis
1023 1554 1064 1624 fit
1081 1554 1247 1626 Officium
1274 1554 1319 1623 de
1343 1551 1553 1638 Nativitate,
1569 1552 1640 1622 ritu

153 1659 386 1749 semiduplici,
414 1682 437 1730 a
467 1661 628 1750 capitulo
659 1663 704 1732 de
736 1661 929 1731 Dominica
961 1682 1042 1731 cum
1077 1658 1423 1731 commemoratione
1454 1658 1642 1749 sequentis

152 1767 242 1836 Festi
269 1767 304 1838 S.
324 1767 488 1838 Silvestri
513 1773 550 1838 et
572 1775 732 1858 quatuor
757 1768 991 1839 Octavarum.

248 1873 288 1944 Si
320 1875 477 1964 denique
510 1875 703 1946 Dominica
734 1875 877 1946 venerit
907 1875 945 1945 in
976 1875 1085 1946 Festo
1122 1875 1157 1944 S.
1187 1872 1363 1960 Silvestri,
1394 1875 1432 1943 in
1463 1872 1508 1942 II.
1532 1873 1639 1960 Vesp.

152 1979 183 2048 S.
205 1981 371 2050 Thomae
399 1981 441 2050 iit
468 2002 599 2052 comm.
625 2003 700 2070 seq.
725 1982 797 2052 diei
829 1982 923 2051 inira
949 1982 1027 2052 Oct.
1052 1981 1260 2050 Natiuitatis
1292 1986 1328 2049 et
1358 1980 1512 2050 aliarum
1539 1979 1641 2049 Octa-

151 2107 284 2157 varum.
303 2088 370 2158 Die
394 2089 439 2158 30
461 2088 674 2159 Decembris
698 2089 740 2158 lit
764 2088 932 2158 Officium
958 2089 1002 2158 dc
1027 2089 1085 2159 die
1109 2088 1205 2158 infra
1229 2087 1307 2158 Oct.
1325 2086 1454 2171 Nativ,
1470 2091 1512 2156 ut
1535 2086 1640 2171 inira,

149 2193 239 2262 etin
265 2194 312 2263 ll.
330 2196 437 2285 Vesp.
454 2196 495 2264 fit
519 2195 686 2267 Officium
713 2197 757 2266 de
782 2195 992 2278 Nativitate,
1008 2197 1081 2266 ritu
1104 2194 1344 2282 semiduplici,
1365 2215 1388 2264 a
1411 2193 1571 2283 capitulo
1595 2193 1640 2264 de

149 2300 355 2385 Dominica3
380 2302 513 2373 deinde
539 2302 580 2372 fit
603 2324 734 2373 comm.
759 2302 831 2372 diei
855 2301 951 2373 infra
976 2302 1100 2373 Ootav.
1118 2301 1338 2386 Natiuitatis
1363 2299 1398 2372 S.
1416 2299 1582 2370 Silvestri
1606 2305 1642 2369 et

147 2406 298 2476 aliarum
325 2407 559 2478 Octavarum.
584 2408 651 2479 Die
682 2430 768 2479 vero
792 2410 832 2478 31
860 2408 1072 2480 Decembris
1106 2409 1148 2478 lit
1171 2408 1340 2479 Officium
1369 2408 1413 2478 de
1438 2406 1640 2492 Dominica,

147 2513 211 2583 ritu
236 2515 483 2603 semiduplici,
506 2521 547 2584 ut
570 2517 680 2585 infra:
707 2518 754 2586 ad
778 2517 923 2586 Laudes
947 2515 988 2585 lit
1011 2538 1142 2587 comm.
1171 2517 1206 2586 S.
1232 2515 1394 2587 Silvestri
1423 2520 1458 2584 et
1481 2520 1641 2602 quatuor

148 2619 386 2691 Octavarum:
419 2627 455 2691 et
487 2622 531 2692 ll.
558 2623 665 2711 Vesp.
691 2623 785 2694 liunt
817 2624 861 2694 de
894 2623 1180 2694 Circumcisioue
1212 2623 1360 2694 Domini
1393 2643 1475 2693 cum
1507 2641 1638 2692 comm.

147 2729 359 2799 Dominicae
382 2734 537 2800 tantum.

243 2927 383 2993 Deinde
404 2927 570 3009 ponitur:

510 3153 693 3225 Douuuco
719 3174 828 3224 rosan
853 3154 1002 3225 Ocrlvu
1028 3155 1272 3224 Nur1v1rlr1s.

245 3371 288 3440 lu
312 3372 340 3441 l.
356 3371 547 3461 Vesperis:
573 3371 781 3461 Capitulum
806 3375 963 3456 Fratres,
988 3377 1123 3459 quanto
1146 3376 1305 3458 tempore,
1334 3376 1400 3442 etc.
1426 3411 1442 3423 -
1470 3372 1638 3458 Hymnus

146 3481 240 3564 Jcsc,
265 3481 486 3564 Redcocptor,
512 3484 700 3568 utsupra.
726 3518 743 3532 -
769 3482 803 3566 y.
826 3479 975 3548 Verbum
997 3501 1090 3564 coro,
1114 3483 1181 3548 eto.
1199 3518 1218 3530 -
1242 3477 1300 3548 Ad
1323 3478 1531 3568 Magnificat
1553 3480 1636 3550 Ant.

148 3586 239 3653 Dum
261 3588 432 3670 medium,
457 3590 523 3655 etc.
548 3625 568 3637 -
594 3585 721 3656 Oratio
747 3589 982 3672 Omnipotens.
1000 3624 1019 3636 -
1041 3586 1175 3655 Postea
1198 3584 1239 3654 lit
1261 3584 1636 3656 comm.Octavarum.

245 3695 383 3762 Deinde
406 3697 530 3761 omnic
552 3695 593 3762 ct
615 3697 658 3762 tn
680 3695 871 3762 Breoioro'o
893 3715 1006 3780 usqae
1029 3697 1079 3762 ad
1101 3693 1149 3763 Π.
1180 3695 1278 3778 Vesp.
1301 3694 1484 3762 inclusive.

244 3909 373 3976 Postea
391 3908 564 3991 ponitur:

569 4171 572 4178 .
698 4118 767 4189 Du
791 4120 835 4188 29
859 4119 1081 4189 Dccuusms

443 4261 485 4332 ln
510 4262 619 4332 Festo
645 4262 680 4332 S.
705 4262 869 4332 Thomas
893 4262 1012 4351 Episc.
1038 4263 1140 4332 Mart.
1167 4264 1320 4348 Duplam

249 4477 373 4548 Oratio
397 4480 494 4546 moos
510 4499 581 4563 pro
604 4481 715 4567 mojam
742 4483 808 4548 etc.

247 4583 288 4652 ln
311 4585 328 4654 l
352 4584 559 4654 Nocturn0:
584 4584 775 4656 Lectiones
802 4585 834 4651 A
856 4587 989 4654 Mileto.

247 4689 288 4759 ln
312 4690 344 4760 ll
370 4691 575 4760 Nocturno:
603 4693 762 4776 lamnas,
788 4697 855 4761 etc.
880 4694 933 4783 (ct
956 4695 999 4760 in
1020 4691 1235 4780 Brcoicoio).

248 4796 288 4866 ln
311 4796 373 4866 Ill.
400 4797 603 4868 Nocturu0:
635 4801 674 4867 Ut
697 4803 739 4866 tc
761 4800 962 4868 Breoicro'o.

248 4903 302 4972 Ad
324 4903 488 4973 Laudes:
515 4903 724 4992 Capitulum
748 4908 887 4974 Beatos
912 4909 970 4972 oir
993 4909 1059 4974 etc.
1077 4943 1096 4956 -
1115 4903 1299 4990 Hymnus:
1324 4906 1457 4976 Inuca
1483 4909 1637 4994 Martyr,

150 5013 299 5079 arabum.
316 5049 335 5062 -
352 5013 387 5097 y.
404 5010 528 5079 Iustus
542 5015 583 5080 ut
598 5013 734 5097 palmo,
751 5016 817 5081 etc.
835 5051 855 5063 -
872 5011 931 5082 Ad
947 5011 1169 5082 Benedictus
1190 5011 1273 5080 Ant.
1293 5015 1360 5094 Qui
1375 5016 1448 5081 odit
1472 5019 1634 5082 animam

146 5135 251 5184 moon
272 5122 337 5188 elo.
355 5157 374 5169 -
401 5117 529 5188 Oratio
554 5121 651 5187 Dens
668 5141 737 5203 pro
760 5122 864 5207 cujus
890 5124 931 5188 ut
956 5139 1077 5208 supra.
1188 5153 1193 5162 ·

249 5225 378 5295 Postea
401 5225 444 5293 fit
468 5245 598 5294 comm.
624 5225 855 5296 Octavarum.
989 5301 991 5304 ,

248 5330 301 5401 Ad
324 5333 461 5403 Horas:
487 5331 658 5421 Capitula
689 5338 725 5402 et
756 5335 834 5422 synt.
859 5338 1058 5402 sumuntur
1081 5333 1125 5403 de
1151 5332 1290 5402 Comm.
1314 5332 1426 5402 unius
1458 5333 1626 5420 Martyris

247 5437 301 5507 Ad
314 5439 514 5528 Vesperas:
539 5439 623 5508 Ant.
648 5445 683 5508 et
708 5440 846 5508 Psalmi
862 5441 907 5509 de
925 5439 1132 5524 Nativitate,
1150 5439 1372 5526 Capitulum,
1388 5444 1430 5508 ut
1452 5459 1565 5527 supra
1588 5440 1636 5509 ad

149 5538 294 5615 Laudes.
310 5586 329 5598 -
348 5547 537 5633 Hymnus:
563 5549 659 5616 Deua
682 5551 825 5616 tuorum
841 5550 1009 5618 militum.
1027 5587 1046 5599 -
1071 5551 1104 5634 y.
1121 5538 1245 5616 Iustus
1260 5551 1300 5614 ct
1311 5550 1443 5632 palmo
1458 5551 1524 5616 etc.
1539 5585 1564 5598 -
1578 5546 1635 5615 Ad
1652 5584 1654 5589 ·
