4038 6274
749 431 826 486 Acta
845 431 899 485 Pa·
918 430 981 485 PP.
1002 431 1039 485 X.
1583 425 1635 483 139

144 621 233 686 tutare
255 620 435 687 oratiom
457 620 489 686 et
510 618 678 686 Foederat
700 617 742 684 de
766 616 876 686 Sacro
901 615 1019 701 Gmde,
1043 617 1143 705 quod
1167 615 1264 686 idem
1290 615 1468 686 Sacerdos
1491 619 1529 684 et
1551 636 1636 685 con-

144 741 231 811 didit
255 746 293 811 et
322 741 501 825 studiose,
531 740 586 811 uti
617 739 841 830 accepimus,
871 740 1091 811 moderatur.
1124 739 1214 810 Mira
1243 740 1391 829 quidem
1423 760 1467 810 ac
1498 739 1637 810 maiora

144 885 248 954 quam
266 885 364 954 quae
379 863 564 935 aestimari
589 864 735 952 possint
757 884 801 934 ea
824 868 865 934 tu
888 863 1053 952 appellas
1077 863 1272 948 beneficia3
1297 883 1392 953 quae
1416 862 1531 934 Nobis
1546 861 1638 951 ipsis

145 989 251 1060 subiit
274 989 476 1079 appellatio
499 989 820 1060 considerantibus
843 993 918 1059 tam
942 988 1068 1059 tenuia
1096 987 1228 1078 Operis
1258 987 1373 1073 initia,
1396 1009 1507 1078 quam
1531 988 1637 1074 laeta,

145 1133 247 1200 quam
265 1113 381 1197 brevi,
396 1112 595 1183 habuerint
610 1111 844 1182 incramenta.
859 1112 1027 1182 Proiecto
1045 1110 1251 1182 miserentis
1264 1111 1331 1182 Dei
1347 1111 1485 1182 auxilio
1500 1112 1638 1182 factum

146 1243 203 1323 est,
228 1242 272 1307 ut
295 1258 452 1326 parvum
476 1258 631 1327 granum
657 1236 809 1326 sinapis,
824 1258 848 1306 a
862 1235 1034 1327 religioso
1050 1236 1137 1306 Viro
1152 1236 1191 1306 in
1207 1237 1352 1307 civitate
1369 1237 1522 1308 Ytuensi
1542 1237 1639 1326 posi-

145 1369 227 1448 tum,
250 1361 316 1432 vix
338 1367 423 1433 octo
446 1367 531 1451 post
553 1362 682 1448 lustra,
698 1360 736 1431 in
752 1362 921 1432 arborem
938 1361 1092 1433 creverit
1114 1366 1239 1432 tantae
1258 1361 1513 1451 amplitudinis
1527 1367 1638 1451 atque

146 1485 329 1572 ubertatis,
346 1491 524 1575 quautam
548 1486 714 1558 indicant
728 1492 805 1557 tum
821 1484 946 1556 tricies
963 1491 1119 1556 centena
1143 1485 1243 1557 milia
1266 1486 1459 1571 sodalium,
1475 1485 1539 1575 qui
1560 1491 1639 1556 tota

147 1609 299 1681 Brasilia
323 1610 456 1682 cotidie
480 1611 559 1680 Deo
583 1612 742 1681 offerunt
764 1613 925 1698 sructura
947 1611 1123 1680 labicum
1139 1613 1380 1696 confitentium
1395 1613 1535 1680 commi
1549 1615 1638 1696 cirre

149 1741 228 1821 tum,
252 1755 350 1824 quae
373 1755 554 1821 recenses,
578 1734 795 1824 multiplicia
817 1739 928 1824 atque
951 1734 1109 1804 illustria
1124 1734 1294 1805 instituta
1313 1739 1488 1805 actuosae
1510 1755 1637 1806 eorum

147 1859 312 1930 caritatis.
337 1859 442 1930 Libet
464 1880 552 1949 prae
576 1859 706 1930 ceteris
734 1879 1021 1930 commemorare
1051 1859 1170 1930 officia
1193 1858 1376 1930 sodalium
1404 1859 1553 1948 optima,
1579 1861 1638 1929 vel

148 1985 357 2055 uacantium
380 2005 530 2073 operam
555 1984 726 2074 parochis
757 1984 795 2055 in
826 1984 1037 2056 excolendis
1065 1983 1266 2055 christiana
1292 1983 1473 2055 catechesi
1504 1983 1638 2073 pueris,

17 2091 18 2162 ἶ
148 2110 195 2180 vel
220 2111 502 2199 provehentium
528 2110 813 2200 frequentiorem
838 2109 1157 2181 Sacramentorum
1184 2129 1315 2180 usum:
1348 2109 1400 2179 ita
1421 2115 1464 2180 ut
1486 2109 1638 2200 egregie,

16 2295 18 2330 ,
148 2235 344 2306 secundum
371 2235 505 2306 Nostra
536 2240 574 2306 et
604 2256 768 2310 suorum.
789 2234 1004 2305 Antistitum
1037 2239 1134 2321 vota,
1158 2235 1204 2306 de
1227 2233 1401 2325 religione
1429 2235 1638 2305 meruerint.

16 2335 18 2366 ⁵
242 2359 452 2430 Habuimus
477 2381 521 2429 ex
545 2359 616 2445 his,
640 2358 770 2430 dilecte
794 2359 873 2441 Fili,
898 2380 962 2431 cur
985 2359 1133 2429 abunde
1156 2359 1388 2444 laetaremur,
1408 2358 1567 2430 maxime
1590 2360 1638 2430 ob

151 2503 257 2570 spem,
280 2489 393 2573 atque
416 2483 510 2554 adeo
534 2483 837 2572 expectationem,
861 2504 973 2572 quam
997 2483 1035 2552 in
1059 2483 1175 2553 Nobis
1207 2483 1392 2554 concitant
1415 2483 1529 2554 sacris
1552 2484 1639 2554 Bra-

150 2607 245 2678 sihae
270 2607 577 2697 Expeditionibus
598 2629 666 2698 pro
691 2607 894 2698 apostolica
924 2629 1011 2679 cura
1041 2607 1358 2698 prospicientibus.
1391 2609 1517 2698 Neque
1541 2610 1638 2680 enim

149 2731 217 2802 fieri
240 2754 354 2822 posse
377 2733 599 2804 arbitramur
622 2739 763 2803 utnon
786 2731 837 2803 ibi
860 2733 998 2804 utiliter
1021 2734 1177 2804 desudet
1199 2726 1492 2824 evangelicorum
1515 2754 1640 2822 opera·

16 2867 18 2888 “
146 2857 278 2929 riorum
290 2857 484 2942 industria,
496 2857 561 2928 ubi
575 2857 742 2928 subsidia
753 2863 956 2947 suppetunt
968 2857 1116 2946 pietatis
1128 2862 1183 2927 tot
1195 2857 1459 2928 catholicorum
1471 2856 1638 2945 millium,

146 2982 201 3071 qui
223 2985 444 3054 admirabile
467 2987 588 3053 tuma
613 2985 747 3054 curua
769 2981 886 3053 deviis
909 2981 1085 3054 fratribus
1101 3003 1208 3072 prece
1224 2982 1392 3072 plurima,
1416 2981 1545 3054 officiis
1560 3004 1640 3054 san·

146 3105 216 3192 ctis,
238 3128 311 3178 suo
334 3106 493 3196 denique
516 3107 685 3196 exemplo
704 3107 911 3178 conciliant.

240 3231 390 3302 Gratias
413 3231 524 3321 igitur
547 3237 698 3322 agentes
721 3231 811 3318 Deo,
835 3253 858 3302 a
880 3253 954 3322 quo
978 3254 1087 3303 omne
1112 3232 1241 3303 datum
1265 3231 1446 3322 optimum
1470 3237 1508 3303 et
1529 3253 1638 3302 omne

146 3356 278 3427 donum
301 3358 516 3446 perlectum,
539 3361 597 3427 est
619 3377 709 3426 saue
733 3358 834 3446 quod
857 3364 1183 3428 commemoratum
1209 3357 1314 3447 Opus
1336 3357 1578 3443 dilaudemus,
1602 3362 1639 3428 et

16 3471 18 3500 ³
146 3480 247 3552 simul
274 3503 318 3552 ex
341 3481 468 3552 animo
491 3481 718 3571 gratrdemur
740 3481 778 3550 iu
802 3481 930 3570 primis
960 3481 1109 3571 quidem
1137 3480 1418 3572 diligentissimo
1443 3480 1638 3552 Societatis

145 3605 220 3677 lesu
242 3607 410 3690 alumno,
434 3605 541 3677 cuius
564 3605 763 3676 diuturnus
784 3606 891 3676 labor
906 3604 1046 3676 exitum
1070 3605 1200 3677 habuit
1222 3611 1298 3676 tam
1321 3605 1542 3692 laetabilem,
1557 3611 1638 3677 tum

146 3729 246 3800 etiam
271 3730 465 3802 sodalibus
487 3729 654 3820 siugulis,
677 3731 723 3800 iis
746 3729 962 3820 praesertim
993 3729 1057 3820 qui
1089 3730 1367 3801 saluberrimam
1399 3730 1639 3802 consociatio-

145 3875 221 3924 nem
244 3860 282 3926 et
305 3855 435 3925 colunt
456 3859 494 3924 et
515 3855 734 3943 provehunt.
759 3853 869 3924 Hisce
893 3855 1068 3924 omuibus
1098 3855 1270 3925 nuntium
1293 3859 1329 3925 te
1361 3876 1443 3926 esse
1468 3855 1638 3944 cupimus

145 3975 372 4065 Apostolicae
397 3978 681 4064 Benedictionis,
705 4000 829 4068 quam,
852 3978 1130 4050 benevolentiae
1154 3979 1309 4048 Nostrae
1336 3983 1469 4050 testem
1492 4000 1536 4050 ac
1559 3999 1639 4050 cae·

145 4099 284 4172 lestium
308 4103 500 4192 auspicem
523 4104 717 4190 bonorum,
730 4103 807 4189 tibi,
830 4103 960 4174 dilecte
985 4103 1063 4188 Fili,
1089 4107 1199 4193 atque
1226 4102 1300 4173 illis
1323 4102 1575 4174 amantissime
1598 4105 1637 4174 in

16 4219 17 4280 l
145 4223 297 4298 Domino
321 4227 563 4317 impertimus

239 4351 378 4422 Datum
403 4351 544 4422 Romae
567 4353 668 4441 apud
693 4351 728 4422 S.
753 4352 915 4437 Petrum,
939 4351 997 4422 die
1022 4372 1076 4421 x11
1098 4351 1287 4422 Februarii
1311 4371 1465 4438 ucuxu,
1489 4351 1638 4423 Pontifi-

145 4477 241 4545 catus
265 4475 390 4546 Nostri
415 4496 515 4546 anno
538 4497 649 4546 nono.

754 4582 864 4655 PIUS
889 4583 958 4653 PP.
983 4583 1025 4653 X.

863 4799 918 4883 ΙΙ.

16 4937 18 4950 ,
146 4958 188 5006 AD
199 4960 255 5010 llll.
269 4961 326 5009 PP.
339 4959 399 5010 DD.
411 4959 592 5009 BAVARIAN
608 4958 916 5011 Aucumrlscoros
932 4962 976 5011 ΕΤ
991 4961 1198 5026 ΕΡΙΒΟΟΡΟΒ,
1212 4962 1259 5012 ΟΒ
1276 4961 1451 5012 bladinus
1467 4961 1638 5024 oesuourl

241 5083 380 5134 Phanas
411 5082 629 5133 errssmo
663 5083 770 5134 PATRI
796 5084 911 5134 DATA!
943 5084 1034 5135 Posr
1060 5085 1279 5136 CONVNNTUM
1310 5086 1489 5136 uoueenn
1520 5086 1639 5137 burun

241 5207 424 5258 nummum.

242 5348 482 5419 venerabiles
497 5346 655 5433 Fratres
671 5348 827 5420 salutem
845 5354 881 5420 et
896 5349 1137 5439 apostolicam
1154 5349 1456 5420 benedictionem.
1472 5391 1517 5402 -
1534 5351 1640 5421 Corn-

148 5471 302 5558 perimus
327 5493 371 5543 ex
395 5471 656 5543 communibus
686 5472 817 5543 vestris
844 5473 973 5545 litteris
1004 5473 1239 5544 Monachium
1266 5495 1332 5544 vos
1355 5474 1491 5545 abhinc
1513 5473 1670 5564 paucis¹
