4120 6284
376 416 412 476 bb
695 420 773 476 Actu
790 417 980 488 apostolicae
999 415 1096 473 Secia
1116 443 1134 457 -
1155 416 1415 473 commentorium
1435 416 1576 482 officiale.

378 520 574 530 ——..——.—-—n
580 518 735 528 —-—--—

978 740 1101 802 Quando
1125 739 1275 794 concurrit.

379 945 502 990 Dominiea
516 969 1126 988 ..................
1171 934 1854 980 tottttttuttb

379 1081 473 1138 Duplex
488 1081 500 1124 l
515 1079 607 1125 Classis
623 1112 629 1124 .
658 1104 1126 1124 ..............

379 1214 472 1271 Duplex
486 1215 500 1258 b
513 1213 605 1258 Classis
622 1238 1126 1257 ...............

380 1347 437 1392 Dies
451 1348 541 1392 &tave
555 1346 644 1405 duplex
659 1347 738 1404 mulus
763 1373 1127 1391 ...........

380 1481 436 1526 Dies
450 1481 541 1526 Octava
555 1479 645 1555 buplex
660 1479 740 1524 minus
766 1507 1127 1524 ...........

380 1614 473 1672 Duplex
488 1615 567 1672 maius
588 1645 1127 1659 ................

380 1739 474 1796 Duplex
488 1739 569 1784 minus
587 1770 1127 1786 ................

379 1872 532 1929 Semiduplex
551 1905 1127 1919 .................

380 2007 438 2052 Dies
452 2008 516 2052 infru
531 2008 644 2053 Octavam
658 2040 1127 2055 ..............

381 2223 401 2265 1.
416 2221 501 2266 'lotum
516 2221 545 2266 de
559 2221 668 2278 sequenti
683 2221 743 2266 nibil
757 2221 787 2266 de
801 2221 960 2279 praecedenti.

380 2357 401 2400 Ω.
416 2356 501 2402 'lotum
515 2358 544 2402 de
558 2357 710 2414 praecedenti
723 2356 783 2401 nibil
798 2358 827 2402 tte
842 2357 962 2414 sequenti.
1049 2399 1054 2409 ,

379 2489 401 2534 8.
416 2489 501 2534 Totum
515 2489 546 2534 (le
560 2489 671 2547 sequenti
685 2490 876 2536 commemoratio
890 2490 919 2535 de
933 2492 1092 2549 praecedenti.
1172 2467 1195 2498 Ἰ

380 2624 401 2668 l.
416 2623 501 2669 Totum
515 2624 545 2668 tle
559 2623 711 2681 praecedeuti
724 2624 916 2670 commemoratio
930 2626 959 2670 de
973 2626 1092 2682 sequenti.

1172 2399 1195 2436 11
1172 2303 1195 2353 ΗΞ

1240 2609 1262 2838 ‘ot-qm
1240 2529 1261 2580 *ΙΙ-ἱ
1239 2349 1261 2504 ‘3³0¹
1238 2267 1261 2318 ‘S
1240 2175 1253 2200 Ε

1306 2546 1329 2792 ‘mnas-»200
1306 2387 1329 2518 usu!
1306 2273 1328 2359 0¹!ss
1307 2177 1320 2204 α

380 2759 401 2801 b.
416 2757 502 2802 'Potum
516 2758 546 2801 de
560 2757 682 2810 nobiliori,
697 2758 887 2803 commemoratio
903 2759 933 2803 de
949 2759 1011 2812 alio;
1026 2759 1051 2804 iu
1067 2761 1130 2817 pari-

448 2811 645 2909 atdee'ultficapitnto
653 2813 683 2856 de
693 2811 804 2868 sequenti
819 2813 1009 2864 commemoratio
1022 2814 1052 2858 de
1062 2827 1131 2871 preo-

1573 2269 1596 2354 Ξ.

1573 2381 1596 2530 i

1574 2532 1590 2563 Ι

1575 2725 1597 2772 2.

1576 2799 1598 2987 i

1637 2801 1665 2990 naor-¹¹¹
1636 2591 1665 2773 tondat>
1640 2383 1663 2566 ”Anco
1640 2268 1663 2354 em

701 3339 896 3398 NOTANDA
915 3339 956 3397 IN
978 3339 1335 3399 PRAECEDENTIBUS
1355 3339 1560 3399 TABELLIS.

486 3534 515 3602 1.
542 3533 700 3619 Quando
724 3532 762 3603 in
786 3533 921 3624 regulis
946 3534 1110 3622 cujusvis
1126 3535 1298 3605 Tabellae
1322 3535 1507 3605 invenitur
1524 3534 1690 3605 Officium
1717 3535 1762 3602 de
1778 3535 1880 3603 Nobi

384 3643 478 3725 libri,
496 3640 554 3710 vel
569 3641 702 3711 Totum
728 3641 773 3710 de
788 3642 973 3725 Nobiliori,
990 3641 1141 3731 intelligi
1166 3642 1275 3712 debet
1297 3643 1343 3713 de
1367 3642 1429 3712 illo
1453 3663 1497 3712 ex
1515 3641 1662 3712 duobus
1686 3660 1880 3718 occurren-

382 3747 482 3817 tibus
504 3753 570 3818 aut
593 3748 897 3818 concurrentibus
920 3748 1039 3819 Festis
1061 3749 1121 3819 vel
1138 3749 1287 3830 Officiis,
1303 3751 1414 3839 quod,
1431 3749 1507 3820 sive
1531 3749 1672 3818 ratione
1689 3747 1880 3838 qualitatis

383 3853 560 3939 Primarii,
585 3854 662 3925 sive
693 3855 835 3925 ratione
858 3855 1056 3945 Dignitatis
1087 3857 1302 3945 personalis,
1327 3863 1392 3927 aut
1419 3854 1669 3927 Solemnitatis
1693 3860 1879 3940 externae,

383 3967 447 4030 aut
471 3959 710 4049 Proprietatis
735 3961 840 4050 (haec
855 3967 979 4033 tamon
995 3964 1033 4031 in
1050 3964 1307 4034 concurrentia
1321 3984 1397 4033 non
1413 3962 1639 4053 attenditur),
1656 3961 1759 4031 alteri
1775 3983 1880 4050 prae-

382 4067 467 4138 ferri
491 4067 634 4138 debeat.

486 4178 518 4248 b.
543 4179 653 4248 Festa
674 4173 852 4269 Duplicia'
867 4180 893 4249 Ι.
918 4179 1049 4250 classis
1079 4181 1252 4269 primaria
1282 4179 1502 4250 universalis
1526 4179 1709 4251 Ecclesiae
1738 4177 1882 4267 praete

383 4290 515 4356 runtur
537 4285 688 4356 cuilibet
710 4286 832 4370 Festo,
856 4293 931 4356 tam
963 4286 1001 4356 in
1029 4286 1259 4358 occurrentia
1282 4307 1394 4376 quam
1425 4286 1463 4356 in
1495 4285 1761 4356 concurrentia.
1786 4283 1878 4354 Item

383 4393 493 4462 Festa
516 4391 768 4462 Dedicationis
791 4398 828 4463 et
850 4391 963 4463 Tituli
987 4393 1155 4482 propriae
1180 4393 1374 4478 Ecclesiae,
1398 4399 1435 4463 et
1459 4391 1609 4463 Patroni
1635 4391 1718 4476 loci,
1743 4389 1883 4461 cedunt

383 4499 641 4570 tantummodo
674 4499 869 4588 praedictis
900 4500 1117 4588 Duplicihus
1142 4500 1167 4569 Ι.
1192 4499 1322 4570 classis
1352 4498 1535 4589 primariis
1565 4497 1783 4569 universalis
1812 4495 1882 4567 Ec-

384 4606 528 4677 clasiae.

487 4713 518 4783 3.
544 4713 705 4784 Octavae
729 4712 823 4784 inter
846 4734 885 4784 se
914 4716 1168 4803 praeferuntur
1195 4715 1324 4784 eadem
1358 4713 1547 4802 legeque
1574 4711 1683 4782 Festa
1713 4710 1803 4800 ipsa,
1830 4711 1881 4780 ad

383 4841 478 4911 quae
503 4824 680 4909 spectant.

485 4928 517 4996 b.
542 4927 585 4996 In
610 4926 668 4996 die
693 4927 834 4998 Octava
858 4927 1227 4998 Commemorationis
1252 4927 1434 4998 Solemnis
1451 4925 1623 5014 Corporis
1640 4923 1786 5007 Christi,
1801 4945 1880 4994 non

383 5034 425 5102 tit
455 5035 499 5104 de
530 5033 656 5122 aliquo
687 5033 808 5118 Festo,
832 5033 941 5103 etiam
976 5032 1120 5122 Duplici
1146 5034 1172 5104 Ι.
1197 5033 1336 5119 classis,
1361 5032 1432 5103 nisi
1464 5033 1509 5102 de
1533 5031 1737 5103 occurrenti
1768 5029 1880 5102 Festo

384 5141 440 5213 Ss.
466 5140 729 5229 Apostolorum
761 5140 858 5210 Petri
889 5147 925 5210 et
956 5139 1074 5225 Pauli,
1098 5161 1181 5210 cum
1213 5139 1562 5211 commemoratione
1593 5138 1665 5208 diei
1698 5138 1880 5222 Octavae;

383 5269 478 5338 quae
510 5253 634 5318 autem
657 5246 838 5317 omittitur
861 5246 900 5316 iu
923 5247 968 5317 ΙΙ.
988 5247 1170 5337 Vesperis,
1193 5247 1242 5318 ob
1266 5246 1559 5318 concurrentiam
1582 5244 1680 5315 Festi
1705 5243 1770 5315 SS.
1796 5243 1880 5315 Cor·

385 5355 441 5424 dis
466 5354 565 5424 lesu.
