4120 6284
694 443 725 501 S.
748 443 949 514 Conpreaatio
967 445 1105 500 Reium.
1612 441 1647 498 81

249 631 343 699 Ante
367 633 472 700 Diem
492 635 538 700 28
558 633 668 699 Junii
690 635 743 700 sic
764 633 975 716 compensa
999 631 1172 700 Robrica:

252 736 293 806 Si
318 758 481 826 sequens
503 737 652 807 Festum
682 737 717 806 S.
742 736 877 807 Leonis
908 735 1050 806 venerit
1080 737 1118 805 in
1148 735 1350 820 Do'minica,
1375 735 1487 806 Missa
1515 735 1648 805 dicitur

158 843 193 912 de
216 843 330 913 Festo
351 843 558 913 Natiuitatis
583 843 619 913 S.
636 843 790 913 Joannis
807 843 995 932 Baptistae
1012 864 1095 913 cum
1113 863 1244 912 comm.
1262 841 1487 926 Dominicae,
1503 846 1539 910 et
1555 841 1647 911 nihil

160 949 191 1017 tit
205 949 251 1019 de
269 949 306 1019 S.
319 950 452 1020 Leone.
470 950 513 1019 In
529 950 692 1020 Sabbato
708 951 940 1039 praecedenti
956 949 998 1019 fit
1012 950 1058 1020 de
1071 949 1203 1039 Vigilia
1219 949 1426 1018 Natiuitatis
1443 947 1478 1018 S.
1493 947 1647 1018 Joannis

159 1077 231 1124 cnm
258 1076 391 1126 comm.
415 1056 565 1146 Vigiliae
591 1058 645 1126 Ss.
671 1056 933 1145 Apostolorum
964 1057 1062 1126 Petri
1086 1062 1122 1126 et
1146 1055 1261 1139 Pauli,
1286 1060 1323 1125 et
1344 1055 1452 1124 tertia
1479 1053 1645 1125 oratione

158 1163 196 1232 de
220 1161 257 1232 S.
283 1163 407 1248 illaria,
432 1168 467 1235 et
490 1163 528 1232 in
550 1163 623 1233 fine
646 1163 778 1252 legitur
801 1163 937 1254 Eveng.
964 1165 999 1234 S.
1025 1163 1179 1233 Joannis
1202 1164 1248 1231 In
1265 1166 1459 1248 principio.

764 1376 833 1446 Dm
857 1378 902 1448 OS
924 1379 1035 1448 turin.

255 1541 546 1626 Supprimantur
568 1533 745 1608 acerem
767 1542 993 1624 respicientes
1015 1561 1098 1608 com.
1126 1541 1274 1607 Oetaeae
1297 1538 1333 1608 S.
1356 1540 1523 1606 Joonnis.

220 1701 224 1713 '
256 1703 303 1770 In
325 1704 396 1787 fine
418 1703 553 1768 Missae
583 1702 735 1786 Vipiiioc
756 1701 1004 1784 Apostolorum
1026 1701 1189 1768 addatur
1210 1702 1296 1768 hacc
1319 1701 1496 1768 Robrica:

257 1807 295 1877 Si
319 1807 411 1876 haee
433 1806 564 1897 Vigilia
587 1805 626 1875 in
651 1805 814 1875 Sabbato
830 1805 1067 1894 anticipando
1082 1805 1140 1889 sit,
1157 1805 1314 1894 ideoque
1331 1809 1499 1875 occurrat
1517 1804 1647 1873 eodem

154 1915 210 1984 die
234 1935 319 1984 cum
335 1913 466 2003 vigilie
489 1912 699 1982 Nativitatis
724 1913 759 1982 S.
777 1912 932 1983 Joennis
952 1913 1155 2001 Baptistae;
1179 1913 1224 1982 de
1247 1912 1317 1982 hac
1337 1911 1500 1982 secunde
1516 1909 1648 1980 dicitur

156 2019 273 2103 Missa,
298 2041 380 2090 cum
408 2040 538 2090 comm.
562 2018 714 2108 Vigiliae
739 2019 795 2089 Ss.
820 2019 984 2107 Apostol.
1009 2023 1046 2089 et
1068 2018 1176 2089 tertia
1201 2017 1375 2090 Oratione
1400 2018 1444 2088 de
1473 2017 1508 2087 S.
1533 2015 1647 2086 Maria

153 2133 189 2196 et
210 2128 348 2216 Eveng.
373 2127 408 2197 S.
431 2126 586 2197 loannis
609 2126 647 2194 in
671 2125 755 2197 fine.

768 2304 837 2373 Dm
861 2303 906 2374 30
929 2304 1037 2374 turn.

256 2466 544 2552 Suppvsmmnor
566 2466 744 2534 Rubricae
766 2467 990 2550 respicientes
1015 2466 1083 2533 Oct.
1108 2464 1143 2532 S.
1167 2466 1326 2532 Joonnio
1347 2463 1547 2546 Baptistae.

255 2645 545 2731 Suppsimantor
565 2645 690 2716 onitin
712 2663 805 2730 quoe
834 2663 933 2710 nunc
963 2641 1138 2709 habentur
1167 2643 1210 2710 in
1231 2641 1379 2708 Missati
1412 2641 1470 2705 die
1498 2644 1518 2706 1
1540 2639 1646 2722 Jutii,

162 2752 190 2816 et
209 2754 396 2834 poscuntur
418 2752 623 2837 sequentia:

656 2908 725 2976 Dm
753 2907 779 2976 I.
806 2907 868 2976 lll.
893 2913 927 2977 et
952 2905 1008 2976 IV.
1034 2906 1141 2976 tumr.

400 3068 502 3138 Infra
526 3067 704 3138 Octavam
730 3066 784 3137 Ss.
810 3065 1071 3154 Apostolorum
1096 3064 1194 3135 Petri
1218 3069 1254 3134 et
1278 3063 1393 3134 Pauli.

257 3233 322 3300 Hic
339 3233 507 3317 ponatur
528 3231 655 3314 Misso,
679 3250 771 3316 quae
796 3229 943 3296 habetur
971 3231 1029 3297 die
1050 3233 1074 3298 3
1095 3229 1203 3296 Jutii.

258 3427 320 3493 Die
341 3431 366 3495 3
387 3425 486 3493 Jniii
506 3426 762 3511 suppiiniatm·
784 3425 903 3492 Misso
925 3444 1017 3510 quoe
1040 3443 1138 3490 nunc
1162 3423 1310 3490 habetur
1333 3422 1375 3488 in
1397 3421 1555 3489 Missati.

743 3637 812 3706 Dm
836 3637 858 3705 6
882 3637 1058 3706 Aueusrr.

260 3797 340 3864 Post
366 3797 570 3864 Orationem
592 3800 645 3866 sic
667 3799 870 3881 corripotrcr
893 3796 1069 3863 Robrica:
1094 3794 1136 3863 ln
1167 3791 1289 3863 Missis
1319 3791 1473 3880 privatis
1503 3794 1645 3860 tantum

168 3895 208 3964 fit
226 3919 311 3969 com.
336 3901 391 3970 Ss.
416 3901 499 3970 Mm.
523 3901 641 3988 Xysti,
658 3900 873 3971 Felicissimi
898 3905 934 3970 et
958 3900 1114 3990 Agapiti.

261 4099 447 4168 Dominioa
475 4103 581 4186 infre
615 4101 729 4168 Octou.
759 4101 972 4170 Natiuitatis
1001 4101 1044 4167 B.
1073 4101 1122 4168 M.
1154 4100 1189 4168 V.
1221 4101 1500 4184 mpprmnantur
1528 4101 1648 4166 omnio

170 4221 253 4286 quoe
272 4206 444 4275 habemur
465 4209 508 4275 in
529 4209 687 4275 Missali.

703 4401 772 4470 Dm
798 4401 839 4470 ll
864 4402 1104 4472 Ssernusms

491 4525 534 4594 In
558 4526 666 4596 Festo
692 4525 922 4597 Sanctissimi
946 4527 1113 4596 Nominis
1137 4526 1177 4596 B.
1203 4527 1247 4596 M.
1272 4525 1311 4595 V.

265 4703 326 4770 Hic
342 4706 506 4788 ponatur
520 4705 639 4773 Missa
659 4726 752 4792 quac
775 4706 924 4774 habetor
938 4706 1037 4774 Dom.
1054 4708 1159 4792 infra
1178 4707 1245 4774 Oet.
1262 4705 1484 4789 Natiuitatis,
1501 4706 1652 4788 demptis

180 4801 320 4878 Rttbriois
340 4811 610 4895 respicientibus
636 4815 997 4880 commorationem
1019 4813 1237 4880 Dominicoe.

721 5058 793 5128 Dm
814 5059 835 5128 l
860 5060 1084 5130 Novnusnrs.

261 5235 400 5304 Βοίεπὶα
423 5239 552 5321 provio
573 5237 743 5320 Robrica,
769 5241 840 5306 ioco
867 5241 1045 5308 secundae
1075 5243 1105 5308 et
1137 5243 1261 5308 tertiae
1290 5243 1452 5326 ponetur
1481 5262 1649 5328 sequens:

175 5345 207 5416 Si
227 5359 333 5428 autem
357 5360 429 5430 hac
453 5357 551 5428 dien
576 5359 794 5430 Novembris
818 5367 986 5432 occurrat
1009 5362 1153 5452 Duplex
1170 5363 1196 5433 l.
1214 5364 1342 5434 classis
1366 5370 1431 5434 aut
1448 5363 1652 5448 Dominica,

217 5493 278 5548 Aua
290 5501 334 5548 voi.
348 5500 391 5556 ιν,
405 5515 431 5546 n.
445 5501 641 5548 n-s1-1m·
1602 5506 1617 5550 s
