<?xml version="1.0" encoding="UTF-8"?>
<!DOCTYPE html PUBLIC "-//W3C//DTD XHTML 1.0 Transitional//EN"
    "http://www.w3.org/TR/xhtml1/DTD/xhtml1-transitional.dtd">
<html xmlns="http://www.w3.org/1999/xhtml" xml:lang="en" lang="en">
 <head>
  <title>
</title>
<meta http-equiv="Content-Type" content="text/html;charset=utf-8" />
  <meta name='ocr-system' content='tesseract 3.04.00' />
  <meta name='ocr-capabilities' content='ocr_page ocr_carea ocr_par ocr_line ocrx_word'/>
</head>
<body>
  <div class='ocr_page' id='page_1' title='image "actaapostolicae00citygoog_0079.png"; bbox 0 0 4120 6284; ppageno 0'>
   <div class='ocr_carea' id='block_1_1' title="bbox 376 423 1550 500">
    <p class='ocr_par' dir='ltr' id='par_1_1' title="bbox 376 423 1550 500">
     <span class='ocr_line' id='line_1_1' title="bbox 376 423 1550 500; baseline 0.003 -19"><span class='ocrx_word' id='word_1_1' title='bbox 376 423 412 483; x_wconf 78' lang='lat'><strong><em>74</em></strong></span> <span class='ocrx_word' id='word_1_2' title='bbox 675 431 751 485; x_wconf 83' lang='lat' dir='ltr'><strong><em>Acta</em></strong></span> <span class='ocrx_word' id='word_1_3' title='bbox 769 431 959 500; x_wconf 81' lang='lat' dir='ltr'><strong><em>Apostolicae</em></strong></span> <span class='ocrx_word' id='word_1_4' title='bbox 978 431 1074 486; x_wconf 80' lang='lat' dir='ltr'><strong><em>Sedis.</em></strong></span> <span class='ocrx_word' id='word_1_5' title='bbox 1094 459 1112 470; x_wconf 90' lang='lat'>-</span> <span class='ocrx_word' id='word_1_6' title='bbox 1134 431 1393 486; x_wconf 82' lang='lat' dir='ltr'><strong><em>Commentarium</em></strong></span> <span class='ocrx_word' id='word_1_7' title='bbox 1411 433 1550 497; x_wconf 74' lang='lat' dir='ltr'><strong><em>omemn.</em></strong></span> 
     </span>
    </p>
   </div>
   <div class='ocr_carea' id='block_1_2' title="bbox 370 613 1870 1234">
    <p class='ocr_par' dir='ltr' id='par_1_2' title="bbox 370 613 1870 1234">
     <span class='ocr_line' id='line_1_2' title="bbox 376 613 1868 702; baseline 0.003 -21"><span class='ocrx_word' id='word_1_8' title='bbox 376 615 469 682; x_wconf 82' lang='lat' dir='ltr'><strong><em>Filii</em></strong></span> <span class='ocrx_word' id='word_1_9' title='bbox 490 613 558 680; x_wconf 88' lang='lat' dir='ltr'><strong><em>Dei</em></strong></span> <span class='ocrx_word' id='word_1_10' title='bbox 580 617 839 700; x_wconf 87' lang='lat' dir='ltr'><strong><em>omnipotentis,</em></strong></span> <span class='ocrx_word' id='word_1_11' title='bbox 864 618 1040 702; x_wconf 77' lang='lat' dir='ltr'><strong><em>tanquam</em></strong></span> <span class='ocrx_word' id='word_1_12' title='bbox 1062 617 1105 681; x_wconf 90' lang='lat' dir='ltr'><strong><em>iu</em></strong></span> <span class='ocrx_word' id='word_1_13' title='bbox 1127 617 1212 683; x_wconf 86' lang='lat' dir='ltr'><strong><em>sotis</em></strong></span> <span class='ocrx_word' id='word_1_14' title='bbox 1219 617 1387 702; x_wconf 83' lang='lat' dir='ltr'><strong><em>justitiae</em></strong></span> <span class='ocrx_word' id='word_1_15' title='bbox 1408 618 1607 699; x_wconf 74' lang='lat' dir='ltr'><strong><em>nativitate,</em></strong></span> <span class='ocrx_word' id='word_1_16' title='bbox 1625 619 1723 684; x_wconf 81' lang='lat' dir='ltr'><strong><em>ormi</em></strong></span> <span class='ocrx_word' id='word_1_17' title='bbox 1732 620 1868 701; x_wconf 86' lang='lat' dir='ltr'><strong><em>populo</em></strong></span> 
     </span>
     <span class='ocr_line' id='line_1_3' title="bbox 373 722 1867 809; baseline 0.003 -22"><span class='ocrx_word' id='word_1_18' title='bbox 373 723 553 806; x_wconf 79' lang='lat' dir='ltr'><strong><em>pendium</em></strong></span> <span class='ocrx_word' id='word_1_19' title='bbox 575 724 849 806; x_wconf 82' lang='lat' dir='ltr'><strong><em>eoanpelieotur.</em></strong></span> <span class='ocrx_word' id='word_1_20' title='bbox 873 722 919 788; x_wconf 90' lang='lat' dir='ltr'><strong><em>In</em></strong></span> <span class='ocrx_word' id='word_1_21' title='bbox 941 723 1051 809; x_wconf 78' lang='lat' dir='ltr'><strong><em>bajus</em></strong></span> <span class='ocrx_word' id='word_1_22' title='bbox 1069 724 1188 789; x_wconf 89' lang='lat' dir='ltr'><strong><em>autem</em></strong></span> <span class='ocrx_word' id='word_1_23' title='bbox 1205 725 1381 806; x_wconf 79' lang='lat' dir='ltr'><strong><em>tauquam</em></strong></span> <span class='ocrx_word' id='word_1_24' title='bbox 1395 725 1438 789; x_wconf 90' lang='lat' dir='ltr'><strong><em>iu</em></strong></span> <span class='ocrx_word' id='word_1_25' title='bbox 1446 725 1698 806; x_wconf 86' lang='lat' dir='ltr'><strong><em>praecursoris</em></strong></span> <span class='ocrx_word' id='word_1_26' title='bbox 1712 725 1867 806; x_wconf 89' lang='lat' dir='ltr'><strong><em>Domini,</em></strong></span> 
     </span>
     <span class='ocr_line' id='line_1_4' title="bbox 374 828 1870 915; baseline 0.001 -20"><span class='ocrx_word' id='word_1_27' title='bbox 374 832 417 896; x_wconf 89' lang='lat' dir='ltr'><strong><em>in</em></strong></span> <span class='ocrx_word' id='word_1_28' title='bbox 450 830 544 895; x_wconf 88' lang='lat' dir='ltr'><strong><em>seroi</em></strong></span> <span class='ocrx_word' id='word_1_29' title='bbox 565 828 634 894; x_wconf 88' lang='lat' dir='ltr'><strong><em>Dei</em></strong></span> <span class='ocrx_word' id='word_1_30' title='bbox 667 829 802 911; x_wconf 84' lang='lat' dir='ltr'><strong><em>eaimii,</em></strong></span> <span class='ocrx_word' id='word_1_31' title='bbox 825 831 868 894; x_wconf 88' lang='lat' dir='ltr'><strong><em>in</em></strong></span> <span class='ocrx_word' id='word_1_32' title='bbox 893 830 1059 896; x_wconf 88' lang='lat' dir='ltr'><strong><em>lucernae</em></strong></span> <span class='ocrx_word' id='word_1_33' title='bbox 1082 831 1244 896; x_wconf 88' lang='lat' dir='ltr'><strong><em>ardentis</em></strong></span> <span class='ocrx_word' id='word_1_34' title='bbox 1266 831 1298 894; x_wconf 87' lang='lat' dir='ltr'><strong><em>ct</em></strong></span> <span class='ocrx_word' id='word_1_35' title='bbox 1323 829 1471 896; x_wconf 85' lang='lat' dir='ltr'><strong><em>lucentis</em></strong></span> <span class='ocrx_word' id='word_1_36' title='bbox 1494 831 1617 896; x_wconf 76' lang='lat' dir='ltr'><strong><em>eacrtu</em></strong></span> <span class='ocrx_word' id='word_1_37' title='bbox 1647 831 1754 897; x_wconf 73' lang='lat' dir='ltr'><strong><em>nuntii</em></strong></span> <span class='ocrx_word' id='word_1_38' title='bbox 1773 835 1870 915; x_wconf 74' lang='lat' dir='ltr'><strong><em>paui·</em></strong></span> 
     </span>
     <span class='ocr_line' id='line_1_5' title="bbox 373 937 1870 1020; baseline 0.003 -18"><span class='ocrx_word' id='word_1_39' title='bbox 373 939 456 1002; x_wconf 89' lang='lat' dir='ltr'><strong><em>snri</em></strong></span> <span class='ocrx_word' id='word_1_40' title='bbox 477 939 731 1004; x_wconf 74' lang='lat' dir='ltr'><strong><em>memorantur.</em></strong></span> <span class='ocrx_word' id='word_1_41' title='bbox 747 937 816 1003; x_wconf 88' lang='lat' dir='ltr'><strong><em>Hic</em></strong></span> <span class='ocrx_word' id='word_1_42' title='bbox 837 937 880 1002; x_wconf 89' lang='lat' dir='ltr'><strong><em>in</em></strong></span> <span class='ocrx_word' id='word_1_43' title='bbox 901 937 1037 1020; x_wconf 88' lang='lat' dir='ltr'><strong><em>spiritu</em></strong></span> <span class='ocrx_word' id='word_1_44' title='bbox 1059 938 1090 1001; x_wconf 89' lang='lat' dir='ltr'><strong><em>et</em></strong></span> <span class='ocrx_word' id='word_1_45' title='bbox 1112 937 1240 1003; x_wconf 87' lang='lat' dir='ltr'><strong><em>uirtute</em></strong></span> <span class='ocrx_word' id='word_1_46' title='bbox 1262 937 1367 1003; x_wconf 80' lang='lat' dir='ltr'><strong><em>Elias</em></strong></span> <span class='ocrx_word' id='word_1_47' title='bbox 1383 939 1579 1020; x_wconf 69' lang='lat' dir='ltr'><strong><em>praecessit</em></strong></span> <span class='ocrx_word' id='word_1_48' title='bbox 1594 939 1676 1004; x_wconf 75' lang='lat' dir='ltr'><strong><em>oruc</em></strong></span> <span class='ocrx_word' id='word_1_49' title='bbox 1698 939 1813 1020; x_wconf 89' lang='lat' dir='ltr'><strong><em>ittam,</em></strong></span> <span class='ocrx_word' id='word_1_50' title='bbox 1829 942 1870 1006; x_wconf 90' lang='lat' dir='ltr'><strong><em>ut</em></strong></span> 
     </span>
     <span class='ocr_line' id='line_1_6' title="bbox 370 1042 1870 1129; baseline 0.001 -20"><span class='ocrx_word' id='word_1_51' title='bbox 370 1044 508 1126; x_wconf 85' lang='lat' dir='ltr'><strong><em>plebem</em></strong></span> <span class='ocrx_word' id='word_1_52' title='bbox 530 1046 606 1128; x_wconf 87' lang='lat' dir='ltr'><strong><em>ejus</em></strong></span> <span class='ocrx_word' id='word_1_53' title='bbox 636 1062 736 1128; x_wconf 77' lang='lat' dir='ltr'><strong><em>aqua</em></strong></span> <span class='ocrx_word' id='word_1_54' title='bbox 759 1042 947 1128; x_wconf 76' lang='lat' dir='ltr'><strong><em>baptizans</em></strong></span> <span class='ocrx_word' id='word_1_55' title='bbox 963 1043 1013 1109; x_wconf 82' lang='lat' dir='ltr'><strong><em>ad</em></strong></span> <span class='ocrx_word' id='word_1_56' title='bbox 1035 1043 1305 1127; x_wconf 80' lang='lat' dir='ltr'><strong><em>suscipiendum</em></strong></span> <span class='ocrx_word' id='word_1_57' title='bbox 1332 1063 1423 1126; x_wconf 89' lang='lat' dir='ltr'><strong><em>eum,</em></strong></span> <span class='ocrx_word' id='word_1_58' title='bbox 1439 1044 1502 1110; x_wconf 91' lang='lat' dir='ltr'><strong><em>nbi</em></strong></span> <span class='ocrx_word' id='word_1_59' title='bbox 1524 1047 1725 1129; x_wconf 87' lang='lat' dir='ltr'><strong><em>appareret,</em></strong></span> <span class='ocrx_word' id='word_1_60' title='bbox 1737 1045 1870 1112; x_wconf 83' lang='lat' dir='ltr'><strong><em>deceret</em></strong></span> 
     </span>
     <span class='ocr_line' id='line_1_7' title="bbox 373 1152 672 1234; baseline 0 -18"><span class='ocrx_word' id='word_1_61' title='bbox 373 1168 449 1216; x_wconf 86' lang='lat' dir='ltr'><strong><em>esse</em></strong></span> <span class='ocrx_word' id='word_1_62' title='bbox 466 1152 672 1234; x_wconf 80' lang='lat' dir='ltr'><strong><em>perfectam.</em></strong></span> 
     </span>
    </p>
   </div>
   <div class='ocr_carea' id='block_1_3' title="bbox 373 1359 1870 2193">
    <p class='ocr_par' dir='ltr' id='par_1_3' title="bbox 374 1359 1868 1644">
     <span class='ocr_line' id='line_1_8' title="bbox 465 1359 1868 1449; baseline 0.001 -21"><span class='ocrx_word' id='word_1_63' title='bbox 465 1359 504 1428; x_wconf 92' lang='lat' dir='ltr'><strong><em>Si</em></strong></span> <span class='ocrx_word' id='word_1_64' title='bbox 529 1359 653 1449; x_wconf 87' lang='lat' dir='ltr'><strong><em>aliqua</em></strong></span> <span class='ocrx_word' id='word_1_65' title='bbox 677 1360 755 1430; x_wconf 92' lang='lat' dir='ltr'><strong><em>dies</em></strong></span> <span class='ocrx_word' id='word_1_66' title='bbox 779 1360 875 1430; x_wconf 88' lang='lat' dir='ltr'><strong><em>inira</em></strong></span> <span class='ocrx_word' id='word_1_67' title='bbox 900 1361 1076 1432; x_wconf 81' lang='lat' dir='ltr'><strong><em>Octavam</em></strong></span> <span class='ocrx_word' id='word_1_68' title='bbox 1113 1359 1322 1431; x_wconf 88' lang='lat' dir='ltr'><strong><em>Nativitatis</em></strong></span> <span class='ocrx_word' id='word_1_69' title='bbox 1347 1361 1382 1431; x_wconf 87' lang='lat' dir='ltr'><strong><em>S.</em></strong></span> <span class='ocrx_word' id='word_1_70' title='bbox 1407 1360 1560 1430; x_wconf 76' lang='lat' dir='ltr'><strong><em>loannis</em></strong></span> <span class='ocrx_word' id='word_1_71' title='bbox 1595 1367 1762 1430; x_wconf 87' lang='lat' dir='ltr'><strong><em>occurrat</em></strong></span> <span class='ocrx_word' id='word_1_72' title='bbox 1784 1381 1868 1431; x_wconf 91' lang='lat' dir='ltr'><strong><em>cum</em></strong></span> 
     </span>
     <span class='ocr_line' id='line_1_9' title="bbox 375 1463 1868 1564; baseline 0.003 -31"><span class='ocrx_word' id='word_1_73' title='bbox 375 1463 434 1533; x_wconf 89' lang='lat' dir='ltr'><strong><em>die</em></strong></span> <span class='ocrx_word' id='word_1_74' title='bbox 457 1464 552 1534; x_wconf 88' lang='lat' dir='ltr'><strong><em>intra</em></strong></span> <span class='ocrx_word' id='word_1_75' title='bbox 576 1465 752 1536; x_wconf 81' lang='lat' dir='ltr'><strong><em>Octavam</em></strong></span> <span class='ocrx_word' id='word_1_76' title='bbox 778 1467 840 1564; x_wconf 79' lang='lat' dir='ltr'><strong><em>Ss.¹</em></strong></span> <span class='ocrx_word' id='word_1_77' title='bbox 857 1467 1116 1556; x_wconf 78' lang='lat' dir='ltr'><strong><em>Apostolorum</em></strong></span> <span class='ocrx_word' id='word_1_78' title='bbox 1142 1465 1239 1536; x_wconf 91' lang='lat' dir='ltr'><strong><em>Petri</em></strong></span> <span class='ocrx_word' id='word_1_79' title='bbox 1256 1473 1291 1537; x_wconf 88' lang='lat' dir='ltr'><strong><em>et</em></strong></span> <span class='ocrx_word' id='word_1_80' title='bbox 1307 1466 1423 1554; x_wconf 86' lang='lat' dir='ltr'><strong><em>Pauli,</em></strong></span> <span class='ocrx_word' id='word_1_81' title='bbox 1440 1467 1481 1536; x_wconf 92' lang='lat' dir='ltr'><strong><em>fit</em></strong></span> <span class='ocrx_word' id='word_1_82' title='bbox 1498 1467 1666 1538; x_wconf 89' lang='lat' dir='ltr'><strong><em>Officium</em></strong></span> <span class='ocrx_word' id='word_1_83' title='bbox 1682 1468 1727 1538; x_wconf 90' lang='lat' dir='ltr'><strong><em>de</em></strong></span> <span class='ocrx_word' id='word_1_84' title='bbox 1750 1468 1868 1555; x_wconf 90' lang='lat' dir='ltr'><strong><em>prima</em></strong></span> 
     </span>
     <span class='ocr_line' id='line_1_10' title="bbox 374 1574 1014 1644; baseline 0.008 -5"><span class='ocrx_word' id='word_1_85' title='bbox 374 1590 459 1640; x_wconf 90' lang='lat' dir='ltr'><strong><em>cum</em></strong></span> <span class='ocrx_word' id='word_1_86' title='bbox 483 1574 828 1644; x_wconf 84' lang='lat' dir='ltr'><strong><em>commemoratione</em></strong></span> <span class='ocrx_word' id='word_1_87' title='bbox 853 1574 1014 1644; x_wconf 87' lang='lat' dir='ltr'><strong><em>alterius.</em></strong></span> 
     </span>
    </p>

    <p class='ocr_par' dir='ltr' id='par_1_4' title="bbox 373 1677 1868 1966">
     <span class='ocr_line' id='line_1_11' title="bbox 478 1677 1868 1769; baseline 0.004 -23"><span class='ocrx_word' id='word_1_88' title='bbox 478 1678 521 1747; x_wconf 90' lang='lat' dir='ltr'><strong><em>ln</em></strong></span> <span class='ocrx_word' id='word_1_89' title='bbox 545 1677 603 1749; x_wconf 93' lang='lat' dir='ltr'><strong><em>die</em></strong></span> <span class='ocrx_word' id='word_1_90' title='bbox 629 1679 769 1750; x_wconf 86' lang='lat' dir='ltr'><strong><em>Octava</em></strong></span> <span class='ocrx_word' id='word_1_91' title='bbox 792 1681 1003 1751; x_wconf 89' lang='lat' dir='ltr'><strong><em>Nativitatis</em></strong></span> <span class='ocrx_word' id='word_1_92' title='bbox 1028 1681 1063 1750; x_wconf 90' lang='lat' dir='ltr'><strong><em>S.</em></strong></span> <span class='ocrx_word' id='word_1_93' title='bbox 1081 1681 1234 1750; x_wconf 85' lang='lat' dir='ltr'><strong><em>loannis</em></strong></span> <span class='ocrx_word' id='word_1_94' title='bbox 1259 1681 1448 1769; x_wconf 82' lang='lat' dir='ltr'><strong><em>Baptistae</em></strong></span> <span class='ocrx_word' id='word_1_95' title='bbox 1471 1681 1513 1750; x_wconf 92' lang='lat' dir='ltr'><strong><em>fit</em></strong></span> <span class='ocrx_word' id='word_1_96' title='bbox 1537 1681 1704 1752; x_wconf 85' lang='lat' dir='ltr'><strong><em>Officium</em></strong></span> <span class='ocrx_word' id='word_1_97' title='bbox 1728 1682 1773 1752; x_wconf 89' lang='lat' dir='ltr'><strong><em>de</em></strong></span> <span class='ocrx_word' id='word_1_98' title='bbox 1796 1681 1868 1752; x_wconf 91' lang='lat' dir='ltr'><strong><em>Dc-</em></strong></span> 
     </span>
     <span class='ocr_line' id='line_1_12' title="bbox 374 1784 1867 1876; baseline 0.004 -24"><span class='ocrx_word' id='word_1_99' title='bbox 374 1784 520 1872; x_wconf 89' lang='lat' dir='ltr'><strong><em>miuioa,</em></strong></span> <span class='ocrx_word' id='word_1_100' title='bbox 543 1785 615 1856; x_wconf 90' lang='lat' dir='ltr'><strong><em>nisi</em></strong></span> <span class='ocrx_word' id='word_1_101' title='bbox 639 1793 806 1858; x_wconf 88' lang='lat' dir='ltr'><strong><em>occurrat</em></strong></span> <span class='ocrx_word' id='word_1_102' title='bbox 829 1789 978 1858; x_wconf 83' lang='lat' dir='ltr'><strong><em>Festum</em></strong></span> <span class='ocrx_word' id='word_1_103' title='bbox 1004 1787 1163 1874; x_wconf 87' lang='lat' dir='ltr'><strong><em>Domini,</em></strong></span> <span class='ocrx_word' id='word_1_104' title='bbox 1187 1794 1251 1857; x_wconf 91' lang='lat' dir='ltr'><strong><em>aut</em></strong></span> <span class='ocrx_word' id='word_1_105' title='bbox 1273 1788 1418 1876; x_wconf 86' lang='lat' dir='ltr'><strong><em>Duplex</em></strong></span> <span class='ocrx_word' id='word_1_106' title='bbox 1434 1788 1460 1857; x_wconf 94' lang='lat' dir='ltr'><strong><em>l.</em></strong></span> <span class='ocrx_word' id='word_1_107' title='bbox 1477 1789 1534 1858; x_wconf 85' lang='lat' dir='ltr'><strong><em>vel</em></strong></span> <span class='ocrx_word' id='word_1_108' title='bbox 1557 1788 1603 1857; x_wconf 91' lang='lat' dir='ltr'><strong><em>II.</em></strong></span> <span class='ocrx_word' id='word_1_109' title='bbox 1621 1787 1760 1860; x_wconf 81' lang='lat' dir='ltr'><strong><em>Classis</em></strong></span> <span class='ocrx_word' id='word_1_110' title='bbox 1783 1811 1867 1860; x_wconf 90' lang='lat' dir='ltr'><strong><em>cum</em></strong></span> 
     </span>
     <span class='ocr_line' id='line_1_13' title="bbox 373 1893 1013 1966; baseline 0.008 -6"><span class='ocrx_word' id='word_1_111' title='bbox 373 1893 721 1963; x_wconf 84' lang='lat' dir='ltr'><strong><em>commemoratione</em></strong></span> <span class='ocrx_word' id='word_1_112' title='bbox 745 1895 816 1964; x_wconf 90' lang='lat' dir='ltr'><strong><em>diei</em></strong></span> <span class='ocrx_word' id='word_1_113' title='bbox 842 1895 1013 1966; x_wconf 86' lang='lat' dir='ltr'><strong><em>Octavae.</em></strong></span> 
     </span>
    </p>

    <p class='ocr_par' dir='ltr' id='par_1_5' title="bbox 373 1999 1870 2193">
     <span class='ocr_line' id='line_1_14' title="bbox 479 1999 1870 2092; baseline 0.003 -24"><span class='ocrx_word' id='word_1_114' title='bbox 479 1999 518 2069; x_wconf 89' lang='lat' dir='ltr'><strong><em>Si</em></strong></span> <span class='ocrx_word' id='word_1_115' title='bbox 543 1999 622 2070; x_wconf 89' lang='lat' dir='ltr'><strong><em>dies</em></strong></span> <span class='ocrx_word' id='word_1_116' title='bbox 648 2000 788 2071; x_wconf 87' lang='lat' dir='ltr'><strong><em>Octava</em></strong></span> <span class='ocrx_word' id='word_1_117' title='bbox 812 2001 1023 2072; x_wconf 84' lang='lat' dir='ltr'><strong><em>Nativitatis</em></strong></span> <span class='ocrx_word' id='word_1_118' title='bbox 1049 2002 1084 2072; x_wconf 93' lang='lat' dir='ltr'><strong><em>S.</em></strong></span> <span class='ocrx_word' id='word_1_119' title='bbox 1102 2002 1255 2071; x_wconf 80' lang='lat' dir='ltr'><strong><em>loannis</em></strong></span> <span class='ocrx_word' id='word_1_120' title='bbox 1279 2007 1447 2072; x_wconf 88' lang='lat' dir='ltr'><strong><em>occurrat</em></strong></span> <span class='ocrx_word' id='word_1_121' title='bbox 1471 2023 1552 2073; x_wconf 90' lang='lat' dir='ltr'><strong><em>cum</em></strong></span> <span class='ocrx_word' id='word_1_122' title='bbox 1577 2003 1687 2072; x_wconf 85' lang='lat' dir='ltr'><strong><em>Festo</em></strong></span> <span class='ocrx_word' id='word_1_123' title='bbox 1703 2003 1760 2073; x_wconf 89' lang='lat' dir='ltr'><strong><em>Ss.</em></strong></span> <span class='ocrx_word' id='word_1_124' title='bbox 1777 2003 1870 2092; x_wconf 80' lang='lat' dir='ltr'><strong><em>Apa</em></strong></span> 
     </span>
     <span class='ocr_line' id='line_1_15' title="bbox 373 2105 1199 2193; baseline 0.004 -19"><span class='ocrx_word' id='word_1_125' title='bbox 373 2105 552 2175; x_wconf 87' lang='lat' dir='ltr'><strong><em>stolorum</em></strong></span> <span class='ocrx_word' id='word_1_126' title='bbox 577 2107 674 2176; x_wconf 85' lang='lat' dir='ltr'><strong><em>Petri</em></strong></span> <span class='ocrx_word' id='word_1_127' title='bbox 698 2112 735 2177; x_wconf 94' lang='lat' dir='ltr'><strong><em>et</em></strong></span> <span class='ocrx_word' id='word_1_128' title='bbox 758 2108 875 2193; x_wconf 87' lang='lat' dir='ltr'><strong><em>Pauli,</em></strong></span> <span class='ocrx_word' id='word_1_129' title='bbox 898 2108 943 2178; x_wconf 89' lang='lat' dir='ltr'><strong><em>de</em></strong></span> <span class='ocrx_word' id='word_1_130' title='bbox 967 2129 1011 2178; x_wconf 90' lang='lat' dir='ltr'><strong><em>ea</em></strong></span> <span class='ocrx_word' id='word_1_131' title='bbox 1033 2108 1125 2178; x_wconf 92' lang='lat' dir='ltr'><strong><em>nihil</em></strong></span> <span class='ocrx_word' id='word_1_132' title='bbox 1148 2109 1199 2180; x_wconf 84' lang='lat' dir='ltr'><strong><em>fit.</em></strong></span> 
     </span>
    </p>
   </div>
   <div class='ocr_carea' id='block_1_4' title="bbox 371 2303 1867 2478">
    <p class='ocr_par' dir='ltr' id='par_1_6' title="bbox 371 2303 1867 2478">
     <span class='ocr_line' id='line_1_16' title="bbox 479 2303 1867 2389; baseline 0.001 -20"><span class='ocrx_word' id='word_1_133' title='bbox 479 2303 619 2386; x_wconf 87' lang='lat' dir='ltr'><strong><em>Omnia,</em></strong></span> <span class='ocrx_word' id='word_1_134' title='bbox 645 2324 738 2389; x_wconf 81' lang='lat' dir='ltr'><strong><em>quae</em></strong></span> <span class='ocrx_word' id='word_1_135' title='bbox 760 2305 936 2372; x_wconf 81' lang='lat' dir='ltr'><strong><em>habentur</em></strong></span> <span class='ocrx_word' id='word_1_136' title='bbox 957 2306 1000 2372; x_wconf 89' lang='lat' dir='ltr'><strong><em>in</em></strong></span> <span class='ocrx_word' id='word_1_137' title='bbox 1031 2305 1221 2370; x_wconf 86' lang='lat' dir='ltr'><strong><em>Breuiario</em></strong></span> <span class='ocrx_word' id='word_1_138' title='bbox 1244 2304 1367 2371; x_wconf 82' lang='lat' dir='ltr'><strong><em>diebus</em></strong></span> <span class='ocrx_word' id='word_1_139' title='bbox 1389 2305 1435 2370; x_wconf 84' lang='lat'><strong><em>23</em></strong></span> <span class='ocrx_word' id='word_1_140' title='bbox 1457 2306 1489 2370; x_wconf 89' lang='lat' dir='ltr'><strong><em>et</em></strong></span> <span class='ocrx_word' id='word_1_141' title='bbox 1511 2307 1556 2371; x_wconf 82' lang='lat'><strong><em>24</em></strong></span> <span class='ocrx_word' id='word_1_142' title='bbox 1578 2306 1698 2386; x_wconf 86' lang='lat' dir='ltr'><strong><em>Junii,</em></strong></span> <span class='ocrx_word' id='word_1_143' title='bbox 1725 2306 1867 2388; x_wconf 85' lang='lat' dir='ltr'><strong><em>suppri-</em></strong></span> 
     </span>
     <span class='ocr_line' id='line_1_17' title="bbox 371 2410 697 2478; baseline 0.012 -4"><span class='ocrx_word' id='word_1_144' title='bbox 371 2410 521 2474; x_wconf 88' lang='lat' dir='ltr'><strong><em>mantur</em></strong></span> <span class='ocrx_word' id='word_1_145' title='bbox 544 2413 697 2478; x_wconf 85' lang='lat' dir='ltr'><strong><em>ormino.</em></strong></span> 
     </span>
    </p>
   </div>
   <div class='ocr_carea' id='block_1_5' title="bbox 983 2606 1253 2676">
    <p class='ocr_par' dir='ltr' id='par_1_7' title="bbox 983 2606 1253 2676">
     <span class='ocr_line' id='line_1_18' title="bbox 983 2606 1253 2676; baseline 0.007 -2"><span class='ocrx_word' id='word_1_146' title='bbox 983 2606 1052 2674; x_wconf 84' lang='lat' dir='ltr'><strong><em>Dm</em></strong></span> <span class='ocrx_word' id='word_1_147' title='bbox 1075 2607 1119 2675; x_wconf 74' lang='lat' dir='ltr'><strong><em>ab</em></strong></span> <span class='ocrx_word' id='word_1_148' title='bbox 1143 2606 1253 2676; x_wconf 86' lang='lat' dir='ltr'><strong><em>Junn.</em></strong></span> 
     </span>
    </p>
   </div>
   <div class='ocr_carea' id='block_1_6' title="bbox 370 2798 1868 3082">
    <p class='ocr_par' dir='ltr' id='par_1_8' title="bbox 370 2798 1868 3082">
     <span class='ocr_line' id='line_1_19' title="bbox 477 2798 1824 2887; baseline 0.004 -22"><span class='ocrx_word' id='word_1_149' title='bbox 477 2798 740 2884; x_wconf 83' lang='lat' dir='ltr'><strong><em>Supprimatur</em></strong></span> <span class='ocrx_word' id='word_1_150' title='bbox 760 2801 930 2885; x_wconf 79' lang='lat' dir='ltr'><strong><em>Rubriae,</em></strong></span> <span class='ocrx_word' id='word_1_151' title='bbox 957 2822 1049 2887; x_wconf 80' lang='lat' dir='ltr'><strong><em>quae</em></strong></span> <span class='ocrx_word' id='word_1_152' title='bbox 1072 2803 1220 2885; x_wconf 83' lang='lat' dir='ltr'><strong><em>incipit:</em></strong></span> <span class='ocrx_word' id='word_1_153' title='bbox 1248 2799 1287 2868; x_wconf 92' lang='lat' dir='ltr'><strong><em>ln</em></strong></span> <span class='ocrx_word' id='word_1_154' title='bbox 1311 2799 1425 2870; x_wconf 89' lang='lat' dir='ltr'><strong><em>Laud.</em></strong></span> <span class='ocrx_word' id='word_1_155' title='bbox 1449 2799 1490 2868; x_wconf 87' lang='lat' dir='ltr'><strong><em>fit</em></strong></span> <span class='ocrx_word' id='word_1_156' title='bbox 1513 2799 1824 2870; x_wconf 88' lang='lat' dir='ltr'><strong><em>commemoratio.</em></strong></span> 
     </span>
     <span class='ocr_line' id='line_1_20' title="bbox 474 2903 1868 2993; baseline 0.004 -24"><span class='ocrx_word' id='word_1_157' title='bbox 474 2903 520 2969; x_wconf 91' lang='lat' dir='ltr'><strong><em>In</em></strong></span> <span class='ocrx_word' id='word_1_158' title='bbox 543 2906 676 2971; x_wconf 88' lang='lat' dir='ltr'><strong><em>ultima</em></strong></span> <span class='ocrx_word' id='word_1_159' title='bbox 690 2907 859 2990; x_wconf 88' lang='lat' dir='ltr'><strong><em>Rubrica,</em></strong></span> <span class='ocrx_word' id='word_1_160' title='bbox 876 2927 968 2993; x_wconf 81' lang='lat' dir='ltr'><strong><em>quae</em></strong></span> <span class='ocrx_word' id='word_1_161' title='bbox 983 2909 1129 2991; x_wconf 83' lang='lat' dir='ltr'><strong><em>incipit:</em></strong></span> <span class='ocrx_word' id='word_1_162' title='bbox 1144 2906 1251 2993; x_wconf 88' lang='lat' dir='ltr'><strong><em>Vesp.</em></strong></span> <span class='ocrx_word' id='word_1_163' title='bbox 1269 2926 1291 2974; x_wconf 91' lang='lat' dir='ltr'><strong><em>a</em></strong></span> <span class='ocrx_word' id='word_1_164' title='bbox 1308 2903 1437 2993; x_wconf 79' lang='lat' dir='ltr'><strong><em>Capit,</em></strong></span> <span class='ocrx_word' id='word_1_165' title='bbox 1453 2909 1734 2990; x_wconf 83' lang='lat' dir='ltr'><strong><em>supprimantur</em></strong></span> <span class='ocrx_word' id='word_1_166' title='bbox 1745 2907 1868 2974; x_wconf 87' lang='lat' dir='ltr'><strong><em>acrba:</em></strong></span> 
     </span>
     <span class='ocr_line' id='line_1_21' title="bbox 370 3009 760 3082; baseline 0.01 -4"><span class='ocrx_word' id='word_1_167' title='bbox 370 3015 408 3078; x_wconf 89' lang='lat' dir='ltr'><strong><em>et</em></strong></span> <span class='ocrx_word' id='word_1_168' title='bbox 432 3009 510 3080; x_wconf 88' lang='lat' dir='ltr'><strong><em>Oct.</em></strong></span> <span class='ocrx_word' id='word_1_169' title='bbox 535 3010 570 3080; x_wconf 90' lang='lat' dir='ltr'><strong><em>S.</em></strong></span> <span class='ocrx_word' id='word_1_170' title='bbox 595 3011 760 3082; x_wconf 72' lang='lat' dir='ltr'><strong><em>ioannis.</em></strong></span> 
     </span>
    </p>
   </div>
   <div class='ocr_carea' id='block_1_7' title="bbox 980 3208 1249 3278">
    <p class='ocr_par' dir='ltr' id='par_1_9' title="bbox 980 3208 1249 3278">
     <span class='ocr_line' id='line_1_22' title="bbox 980 3208 1249 3278; baseline 0 -2"><span class='ocrx_word' id='word_1_171' title='bbox 980 3208 1049 3276; x_wconf 82' lang='lat' dir='ltr'><strong><em>Dm</em></strong></span> <span class='ocrx_word' id='word_1_172' title='bbox 1072 3208 1117 3277; x_wconf 75' lang='lat' dir='ltr'><strong><em>ab</em></strong></span> <span class='ocrx_word' id='word_1_173' title='bbox 1140 3208 1249 3278; x_wconf 86' lang='lat' dir='ltr'><strong><em>Juun.</em></strong></span> 
     </span>
    </p>
   </div>
   <div class='ocr_carea' id='block_1_8' title="bbox 471 3421 1864 3833">
    <p class='ocr_par' dir='ltr' id='par_1_10' title="bbox 472 3421 1864 3620">
     <span class='ocr_line' id='line_1_23' title="bbox 473 3421 1864 3516; baseline 0 -24"><span class='ocrx_word' id='word_1_174' title='bbox 473 3426 519 3492; x_wconf 89' lang='lat' dir='ltr'><strong><em>Iu</em></strong></span> <span class='ocrx_word' id='word_1_175' title='bbox 541 3427 571 3493; x_wconf 95' lang='lat' dir='ltr'><strong><em>I.</em></strong></span> <span class='ocrx_word' id='word_1_176' title='bbox 602 3425 762 3511; x_wconf 85' lang='lat' dir='ltr'><strong><em>Vesperis</em></strong></span> <span class='ocrx_word' id='word_1_177' title='bbox 791 3427 1045 3510; x_wconf 86' lang='lat' dir='ltr'><strong><em>supprimatur</em></strong></span> <span class='ocrx_word' id='word_1_178' title='bbox 1071 3425 1229 3492; x_wconf 85' lang='lat' dir='ltr'><strong><em>Rubrica</em></strong></span> <span class='ocrx_word' id='word_1_179' title='bbox 1265 3422 1405 3492; x_wconf 89' lang='lat' dir='ltr'><strong><em>Deinde</em></strong></span> <span class='ocrx_word' id='word_1_180' title='bbox 1436 3421 1514 3492; x_wconf 95' lang='lat' dir='ltr'><strong><em>Oct.</em></strong></span> <span class='ocrx_word' id='word_1_181' title='bbox 1546 3422 1582 3492; x_wconf 89' lang='lat' dir='ltr'><strong><em>S.</em></strong></span> <span class='ocrx_word' id='word_1_182' title='bbox 1612 3421 1777 3509; x_wconf 81' lang='lat' dir='ltr'><strong><em>loannis,</em></strong></span> <span class='ocrx_word' id='word_1_183' title='bbox 1804 3427 1864 3516; x_wconf 79' lang='lat' dir='ltr'><strong><em>eto.</em></strong></span> 
     </span>
     <span class='ocr_line' id='line_1_24' title="bbox 472 3531 1434 3620; baseline -0.001 -19"><span class='ocrx_word' id='word_1_184' title='bbox 472 3535 529 3601; x_wconf 84' lang='lat' dir='ltr'><strong><em>Ad</em></strong></span> <span class='ocrx_word' id='word_1_185' title='bbox 553 3535 698 3602; x_wconf 77' lang='lat' dir='ltr'><strong><em>Laudes</em></strong></span> <span class='ocrx_word' id='word_1_186' title='bbox 719 3537 1000 3618; x_wconf 87' lang='lat' dir='ltr'><strong><em>supprimantur</em></strong></span> <span class='ocrx_word' id='word_1_187' title='bbox 1021 3534 1142 3601; x_wconf 86' lang='lat' dir='ltr'><strong><em>uerba:</em></strong></span> <span class='ocrx_word' id='word_1_188' title='bbox 1165 3536 1201 3600; x_wconf 89' lang='lat' dir='ltr'><strong><em>et</em></strong></span> <span class='ocrx_word' id='word_1_189' title='bbox 1224 3552 1289 3620; x_wconf 92' lang='lat' dir='ltr'><strong><em>per</em></strong></span> <span class='ocrx_word' id='word_1_190' title='bbox 1311 3531 1434 3600; x_wconf 77' lang='lat' dir='ltr'><strong><em>horas</em></strong></span> 
     </span>
    </p>

    <p class='ocr_par' dir='ltr' id='par_1_11' title="bbox 471 3636 1722 3728">
     <span class='ocr_line' id='line_1_25' title="bbox 471 3636 1722 3728; baseline -0.003 -19"><span class='ocrx_word' id='word_1_191' title='bbox 471 3642 519 3709; x_wconf 91' lang='lat' dir='ltr'><strong><em>Iu</em></strong></span> <span class='ocrx_word' id='word_1_192' title='bbox 542 3644 612 3728; x_wconf 82' lang='lat' dir='ltr'><strong><em>fine</em></strong></span> <span class='ocrx_word' id='word_1_193' title='bbox 636 3642 789 3708; x_wconf 85' lang='lat' dir='ltr'><strong><em>laudum</em></strong></span> <span class='ocrx_word' id='word_1_194' title='bbox 810 3642 1064 3725; x_wconf 86' lang='lat' dir='ltr'><strong><em>supprimatur</em></strong></span> <span class='ocrx_word' id='word_1_195' title='bbox 1086 3641 1245 3707; x_wconf 78' lang='lat' dir='ltr'><strong><em>Robrica</em></strong></span> <span class='ocrx_word' id='word_1_196' title='bbox 1276 3637 1417 3707; x_wconf 83' lang='lat' dir='ltr'><strong><em>Deinde</em></strong></span> <span class='ocrx_word' id='word_1_197' title='bbox 1441 3636 1482 3707; x_wconf 89' lang='lat' dir='ltr'><strong><em>fit</em></strong></span> <span class='ocrx_word' id='word_1_198' title='bbox 1504 3657 1648 3722; x_wconf 64' lang='lat' dir='ltr'><strong><em>comm„</em></strong></span> <span class='ocrx_word' id='word_1_199' title='bbox 1662 3641 1722 3707; x_wconf 87' lang='lat' dir='ltr'><strong><em>eto.</em></strong></span> 
     </span>
    </p>

    <p class='ocr_par' dir='ltr' id='par_1_12' title="bbox 471 3743 1783 3833">
     <span class='ocr_line' id='line_1_26' title="bbox 471 3743 1783 3833; baseline 0 -19"><span class='ocrx_word' id='word_1_200' title='bbox 471 3748 518 3817; x_wconf 92' lang='lat' dir='ltr'><strong><em>In</em></strong></span> <span class='ocrx_word' id='word_1_201' title='bbox 540 3751 589 3816; x_wconf 90' lang='grc' dir='ltr'><strong><em>ΙΙ.</em></strong></span> <span class='ocrx_word' id='word_1_202' title='bbox 621 3749 782 3833; x_wconf 87' lang='lat' dir='ltr'><strong><em>Vesperis</em></strong></span> <span class='ocrx_word' id='word_1_203' title='bbox 803 3749 1058 3831; x_wconf 71' lang='lat' dir='ltr'><strong><em>supprimatur</em></strong></span> <span class='ocrx_word' id='word_1_204' title='bbox 1082 3747 1241 3813; x_wconf 86' lang='lat' dir='ltr'><strong><em>Rubrica</em></strong></span> <span class='ocrx_word' id='word_1_205' title='bbox 1263 3744 1404 3814; x_wconf 89' lang='lat' dir='ltr'><strong><em>Deinde</em></strong></span> <span class='ocrx_word' id='word_1_206' title='bbox 1429 3743 1469 3813; x_wconf 88' lang='lat' dir='ltr'><strong><em>fit</em></strong></span> <span class='ocrx_word' id='word_1_207' title='bbox 1497 3764 1700 3829; x_wconf 71' lang='lat' dir='ltr'><strong><em>commem„</em></strong></span> <span class='ocrx_word' id='word_1_208' title='bbox 1723 3747 1783 3814; x_wconf 91' lang='lat' dir='ltr'><strong><em>etc.</em></strong></span> 
     </span>
    </p>
   </div>
   <div class='ocr_carea' id='block_1_9' title="bbox 366 3943 1865 4119">
    <p class='ocr_par' dir='ltr' id='par_1_13' title="bbox 366 3943 1865 4119">
     <span class='ocr_line' id='line_1_27' title="bbox 476 3943 1865 4030; baseline 0 -21"><span class='ocrx_word' id='word_1_209' title='bbox 476 3944 607 4010; x_wconf 91' lang='lat' dir='ltr'><strong><em>Omnia</em></strong></span> <span class='ocrx_word' id='word_1_210' title='bbox 640 3962 732 4030; x_wconf 78' lang='lat' dir='ltr'><strong><em>quoe</em></strong></span> <span class='ocrx_word' id='word_1_211' title='bbox 765 3943 941 4010; x_wconf 80' lang='lat' dir='ltr'><strong><em>habentur</em></strong></span> <span class='ocrx_word' id='word_1_212' title='bbox 974 3945 1017 4008; x_wconf 91' lang='lat' dir='ltr'><strong><em>in</em></strong></span> <span class='ocrx_word' id='word_1_213' title='bbox 1050 3943 1241 4010; x_wconf 85' lang='lat' dir='ltr'><strong><em>Breviorio</em></strong></span> <span class='ocrx_word' id='word_1_214' title='bbox 1275 3943 1333 4008; x_wconf 85' lang='lat' dir='ltr'><strong><em>die</em></strong></span> <span class='ocrx_word' id='word_1_215' title='bbox 1366 3946 1411 4009; x_wconf 80' lang='lat'><strong><em>27</em></strong></span> <span class='ocrx_word' id='word_1_216' title='bbox 1440 3943 1560 4024; x_wconf 85' lang='lat' dir='ltr'><strong><em>Junii,</em></strong></span> <span class='ocrx_word' id='word_1_217' title='bbox 1584 3943 1865 4025; x_wconf 76' lang='lat' dir='ltr'><strong><em>supprimantur</em></strong></span> 
     </span>
     <span class='ocr_line' id='line_1_28' title="bbox 366 4069 522 4119; baseline -0.006 0"><span class='ocrx_word' id='word_1_218' title='bbox 366 4069 522 4119; x_wconf 87' lang='lat' dir='ltr'><strong><em>ommno.</em></strong></span> 
     </span>
    </p>
   </div>
   <div class='ocr_carea' id='block_1_10' title="bbox 980 4189 1249 4260">
    <p class='ocr_par' dir='ltr' id='par_1_14' title="bbox 980 4189 1249 4260">
     <span class='ocr_line' id='line_1_29' title="bbox 980 4189 1249 4260; baseline 0.004 -2"><span class='ocrx_word' id='word_1_219' title='bbox 980 4190 1049 4258; x_wconf 85' lang='lat' dir='ltr'><strong><em>Dm</em></strong></span> <span class='ocrx_word' id='word_1_220' title='bbox 1072 4189 1117 4258; x_wconf 64' lang='lat'><strong><em>28</em></strong></span> <span class='ocrx_word' id='word_1_221' title='bbox 1140 4189 1249 4260; x_wconf 85' lang='lat' dir='ltr'><strong><em>Juun.</em></strong></span> 
     </span>
    </p>
   </div>
   <div class='ocr_carea' id='block_1_11' title="bbox 366 4349 1864 5079">
    <p class='ocr_par' dir='ltr' id='par_1_15' title="bbox 366 4349 1864 4870">
     <span class='ocr_line' id='line_1_30' title="bbox 472 4349 1863 4438; baseline -0.001 -18"><span class='ocrx_word' id='word_1_222' title='bbox 472 4352 733 4437; x_wconf 82' lang='lat' dir='ltr'><strong><em>Supprimotur</em></strong></span> <span class='ocrx_word' id='word_1_223' title='bbox 755 4351 914 4419; x_wconf 84' lang='lat' dir='ltr'><strong><em>Robrica</em></strong></span> <span class='ocrx_word' id='word_1_224' title='bbox 942 4349 980 4419; x_wconf 91' lang='lat' dir='ltr'><strong><em>Si</em></strong></span> <span class='ocrx_word' id='word_1_225' title='bbox 1008 4349 1079 4419; x_wconf 88' lang='lat' dir='ltr'><strong><em>hoc</em></strong></span> <span class='ocrx_word' id='word_1_226' title='bbox 1110 4349 1256 4435; x_wconf 85' lang='lat' dir='ltr'><strong><em>testum,</em></strong></span> <span class='ocrx_word' id='word_1_227' title='bbox 1280 4353 1339 4418; x_wconf 88' lang='lat' dir='ltr'><strong><em>etc.</em></strong></span> <span class='ocrx_word' id='word_1_228' title='bbox 1363 4353 1394 4418; x_wconf 89' lang='lat' dir='ltr'><strong><em>et</em></strong></span> <span class='ocrx_word' id='word_1_229' title='bbox 1420 4353 1497 4438; x_wconf 75' lang='lat' dir='ltr'><strong><em>ejus</em></strong></span> <span class='ocrx_word' id='word_1_230' title='bbox 1530 4351 1599 4418; x_wconf 85' lang='lat' dir='ltr'><strong><em>ioco</em></strong></span> <span class='ocrx_word' id='word_1_231' title='bbox 1623 4351 1787 4434; x_wconf 84' lang='lat' dir='ltr'><strong><em>ponatur</em></strong></span> <span class='ocrx_word' id='word_1_232' title='bbox 1815 4371 1863 4418; x_wconf 77' lang='lat' dir='ltr'><strong><em>sc</em></strong></span> 
     </span>
     <span class='ocr_line' id='line_1_31' title="bbox 366 4453 1864 4546; baseline -0.003 -18"><span class='ocrx_word' id='word_1_233' title='bbox 366 4481 496 4546; x_wconf 77' lang='lat' dir='ltr'><strong><em>quens:</em></strong></span> <span class='ocrx_word' id='word_1_234' title='bbox 522 4456 560 4528; x_wconf 92' lang='lat' dir='ltr'><strong><em>Si</em></strong></span> <span class='ocrx_word' id='word_1_235' title='bbox 584 4459 654 4528; x_wconf 91' lang='lat' dir='ltr'><strong><em>hoc</em></strong></span> <span class='ocrx_word' id='word_1_236' title='bbox 677 4457 828 4527; x_wconf 86' lang='lat' dir='ltr'><strong><em>Festum</em></strong></span> <span class='ocrx_word' id='word_1_237' title='bbox 850 4455 993 4527; x_wconf 89' lang='lat' dir='ltr'><strong><em>venerit</em></strong></span> <span class='ocrx_word' id='word_1_238' title='bbox 1016 4456 1054 4525; x_wconf 90' lang='lat' dir='ltr'><strong><em>in</em></strong></span> <span class='ocrx_word' id='word_1_239' title='bbox 1078 4454 1283 4542; x_wconf 88' lang='lat' dir='ltr'><strong><em>Dominica‚</em></strong></span> <span class='ocrx_word' id='word_1_240' title='bbox 1303 4454 1344 4536; x_wconf 85' lang='lat' dir='ltr'><strong><em>lit</em></strong></span> <span class='ocrx_word' id='word_1_241' title='bbox 1368 4456 1413 4526; x_wconf 91' lang='lat' dir='ltr'><strong><em>de</em></strong></span> <span class='ocrx_word' id='word_1_242' title='bbox 1436 4455 1631 4527; x_wconf 85' lang='lat' dir='ltr'><strong><em>Nativitate</em></strong></span> <span class='ocrx_word' id='word_1_243' title='bbox 1656 4453 1692 4525; x_wconf 91' lang='lat' dir='ltr'><strong><em>S.</em></strong></span> <span class='ocrx_word' id='word_1_244' title='bbox 1709 4454 1864 4525; x_wconf 76' lang='lat' dir='ltr'><strong><em>loannis</em></strong></span> 
     </span>
     <span class='ocr_line' id='line_1_32' title="bbox 368 4561 1864 4654; baseline -0.001 -20"><span class='ocrx_word' id='word_1_245' title='bbox 368 4564 557 4654; x_wconf 83' lang='lat' dir='ltr'><strong><em>Baptistae</em></strong></span> <span class='ocrx_word' id='word_1_246' title='bbox 581 4586 664 4635; x_wconf 92' lang='lat' dir='ltr'><strong><em>cum</em></strong></span> <span class='ocrx_word' id='word_1_247' title='bbox 689 4565 1037 4635; x_wconf 85' lang='lat' dir='ltr'><strong><em>commemoratione</em></strong></span> <span class='ocrx_word' id='word_1_248' title='bbox 1063 4563 1286 4648; x_wconf 88' lang='lat' dir='ltr'><strong><em>Dominicae,</em></strong></span> <span class='ocrx_word' id='word_1_249' title='bbox 1310 4568 1346 4632; x_wconf 94' lang='lat' dir='ltr'><strong><em>et</em></strong></span> <span class='ocrx_word' id='word_1_250' title='bbox 1368 4562 1461 4632; x_wconf 92' lang='lat' dir='ltr'><strong><em>nihil</em></strong></span> <span class='ocrx_word' id='word_1_251' title='bbox 1483 4563 1525 4632; x_wconf 91' lang='lat' dir='ltr'><strong><em>fit</em></strong></span> <span class='ocrx_word' id='word_1_252' title='bbox 1548 4562 1593 4632; x_wconf 89' lang='lat' dir='ltr'><strong><em>de</em></strong></span> <span class='ocrx_word' id='word_1_253' title='bbox 1617 4562 1653 4632; x_wconf 93' lang='lat' dir='ltr'><strong><em>S.</em></strong></span> <span class='ocrx_word' id='word_1_254' title='bbox 1671 4562 1802 4633; x_wconf 90' lang='lat' dir='ltr'><strong><em>Leone.</em></strong></span> <span class='ocrx_word' id='word_1_255' title='bbox 1819 4561 1864 4632; x_wconf 92' lang='lat' dir='ltr'><strong><em>In</em></strong></span> 
     </span>
     <span class='ocr_line' id='line_1_33' title="bbox 367 4667 1862 4760; baseline -0.002 -18"><span class='ocrx_word' id='word_1_256' title='bbox 367 4671 531 4742; x_wconf 86' lang='lat' dir='ltr'><strong><em>Sabbata</em></strong></span> <span class='ocrx_word' id='word_1_257' title='bbox 555 4670 787 4760; x_wconf 88' lang='lat' dir='ltr'><strong><em>praecedenti</em></strong></span> <span class='ocrx_word' id='word_1_258' title='bbox 811 4671 853 4740; x_wconf 84' lang='lat' dir='ltr'><strong><em>fit</em></strong></span> <span class='ocrx_word' id='word_1_259' title='bbox 876 4670 921 4740; x_wconf 91' lang='lat' dir='ltr'><strong><em>de</em></strong></span> <span class='ocrx_word' id='word_1_260' title='bbox 937 4669 1071 4760; x_wconf 80' lang='lat' dir='ltr'><strong><em>Vigilia</em></strong></span> <span class='ocrx_word' id='word_1_261' title='bbox 1094 4669 1304 4739; x_wconf 72' lang='lat' dir='ltr'><strong><em>Natiuitatis</em></strong></span> <span class='ocrx_word' id='word_1_262' title='bbox 1329 4669 1364 4739; x_wconf 93' lang='lat' dir='ltr'><strong><em>S.</em></strong></span> <span class='ocrx_word' id='word_1_263' title='bbox 1389 4669 1555 4746; x_wconf 77' lang='lat' dir='ltr'><strong><em>ioannis,</em></strong></span> <span class='ocrx_word' id='word_1_264' title='bbox 1577 4674 1616 4739; x_wconf 86' lang='lat' dir='ltr'><strong><em>et</em></strong></span> <span class='ocrx_word' id='word_1_265' title='bbox 1637 4667 1729 4738; x_wconf 91' lang='lat' dir='ltr'><strong><em>nihil</em></strong></span> <span class='ocrx_word' id='word_1_266' title='bbox 1751 4668 1792 4737; x_wconf 86' lang='lat' dir='ltr'><strong><em>fit</em></strong></span> <span class='ocrx_word' id='word_1_267' title='bbox 1815 4669 1862 4739; x_wconf 90' lang='lat' dir='ltr'><strong><em>de</em></strong></span> 
     </span>
     <span class='ocr_line' id='line_1_34' title="bbox 366 4777 1711 4870; baseline -0.003 -20"><span class='ocrx_word' id='word_1_268' title='bbox 366 4779 498 4870; x_wconf 81' lang='lat' dir='ltr'><strong><em>Vigilia</em></strong></span> <span class='ocrx_word' id='word_1_269' title='bbox 520 4780 720 4868; x_wconf 86' lang='lat' dir='ltr'><strong><em>anticipata</em></strong></span> <span class='ocrx_word' id='word_1_270' title='bbox 744 4779 799 4849; x_wconf 90' lang='lat' dir='ltr'><strong><em>Ss.</em></strong></span> <span class='ocrx_word' id='word_1_271' title='bbox 825 4779 1086 4868; x_wconf 82' lang='lat' dir='ltr'><strong><em>Apostolorum</em></strong></span> <span class='ocrx_word' id='word_1_272' title='bbox 1112 4778 1210 4848; x_wconf 84' lang='lat' dir='ltr'><strong><em>Petri</em></strong></span> <span class='ocrx_word' id='word_1_273' title='bbox 1234 4782 1271 4848; x_wconf 92' lang='lat' dir='ltr'><strong><em>et</em></strong></span> <span class='ocrx_word' id='word_1_274' title='bbox 1295 4777 1411 4864; x_wconf 87' lang='lat' dir='ltr'><strong><em>Pauli,</em></strong></span> <span class='ocrx_word' id='word_1_275' title='bbox 1434 4777 1505 4848; x_wconf 89' lang='lat' dir='ltr'><strong><em>nisi</em></strong></span> <span class='ocrx_word' id='word_1_276' title='bbox 1529 4777 1568 4846; x_wconf 92' lang='lat' dir='ltr'><strong><em>in</em></strong></span> <span class='ocrx_word' id='word_1_277' title='bbox 1592 4778 1711 4848; x_wconf 88' lang='lat' dir='ltr'><strong><em>Missa.</em></strong></span> 
     </span>
    </p>

    <p class='ocr_par' dir='ltr' id='par_1_16' title="bbox 470 4885 1619 4972">
     <span class='ocr_line' id='line_1_35' title="bbox 470 4885 1619 4972; baseline -0.003 -15"><span class='ocrx_word' id='word_1_278' title='bbox 470 4891 552 4957; x_wconf 90' lang='lat' dir='ltr'><strong><em>Post</em></strong></span> <span class='ocrx_word' id='word_1_279' title='bbox 578 4891 780 4957; x_wconf 80' lang='lat' dir='ltr'><strong><em>Orationem</em></strong></span> <span class='ocrx_word' id='word_1_280' title='bbox 802 4889 1056 4972; x_wconf 87' lang='lat' dir='ltr'><strong><em>supprimatur</em></strong></span> <span class='ocrx_word' id='word_1_281' title='bbox 1078 4887 1237 4955; x_wconf 85' lang='lat' dir='ltr'><strong><em>Rubrica</em></strong></span> <span class='ocrx_word' id='word_1_282' title='bbox 1260 4887 1307 4955; x_wconf 81' lang='lat' dir='ltr'><strong><em>Et</em></strong></span> <span class='ocrx_word' id='word_1_283' title='bbox 1329 4885 1370 4955; x_wconf 86' lang='lat' dir='ltr'><strong><em>fit</em></strong></span> <span class='ocrx_word' id='word_1_284' title='bbox 1394 4905 1536 4972; x_wconf 83' lang='lat' dir='ltr'><strong><em>comm,</em></strong></span> <span class='ocrx_word' id='word_1_285' title='bbox 1560 4891 1619 4955; x_wconf 87' lang='lat' dir='ltr'><strong><em>etc.</em></strong></span> 
     </span>
    </p>

    <p class='ocr_par' dir='ltr' id='par_1_17' title="bbox 468 4991 1699 5079">
     <span class='ocr_line' id='line_1_36' title="bbox 468 4991 1699 5079; baseline -0.002 -16"><span class='ocrx_word' id='word_1_286' title='bbox 468 4995 514 5063; x_wconf 89' lang='lat' dir='ltr'><strong><em>In</em></strong></span> <span class='ocrx_word' id='word_1_287' title='bbox 536 4996 724 5062; x_wconf 85' lang='lat' dir='ltr'><strong><em>Laudibus</em></strong></span> <span class='ocrx_word' id='word_1_288' title='bbox 746 4997 1001 5079; x_wconf 86' lang='lat' dir='ltr'><strong><em>supprimatur</em></strong></span> <span class='ocrx_word' id='word_1_289' title='bbox 1022 4994 1181 5062; x_wconf 83' lang='lat' dir='ltr'><strong><em>Robrica</em></strong></span> <span class='ocrx_word' id='word_1_290' title='bbox 1204 4992 1248 5060; x_wconf 92' lang='lat' dir='ltr'><strong><em>ln</em></strong></span> <span class='ocrx_word' id='word_1_291' title='bbox 1273 4991 1386 5062; x_wconf 90' lang='lat' dir='ltr'><strong><em>Laud.</em></strong></span> <span class='ocrx_word' id='word_1_292' title='bbox 1410 4991 1452 5061; x_wconf 85' lang='lat' dir='ltr'><strong><em>fit</em></strong></span> <span class='ocrx_word' id='word_1_293' title='bbox 1475 5012 1617 5078; x_wconf 86' lang='lat' dir='ltr'><strong><em>comm,</em></strong></span> <span class='ocrx_word' id='word_1_294' title='bbox 1640 4998 1699 5061; x_wconf 83' lang='lat' dir='ltr'><strong><em>etc.</em></strong></span> 
     </span>
    </p>
   </div>
   <div class='ocr_carea' id='block_1_12' title="bbox 982 5204 1252 5274">
    <p class='ocr_par' dir='ltr' id='par_1_18' title="bbox 982 5204 1252 5274">
     <span class='ocr_line' id='line_1_37' title="bbox 982 5204 1252 5274; baseline 0.007 -2"><span class='ocrx_word' id='word_1_295' title='bbox 982 5204 1051 5272; x_wconf 82' lang='lat' dir='ltr'><strong><em>Duc</em></strong></span> <span class='ocrx_word' id='word_1_296' title='bbox 1074 5205 1118 5272; x_wconf 61' lang='lat'><strong><em>29</em></strong></span> <span class='ocrx_word' id='word_1_297' title='bbox 1142 5204 1252 5274; x_wconf 86' lang='lat' dir='ltr'><strong><em>Juun.</em></strong></span> 
     </span>
    </p>
   </div>
   <div class='ocr_carea' id='block_1_13' title="bbox 366 5365 1862 5548">
    <p class='ocr_par' dir='ltr' id='par_1_19' title="bbox 366 5365 1862 5548">
     <span class='ocr_line' id='line_1_38' title="bbox 469 5365 1862 5453; baseline -0.001 -15"><span class='ocrx_word' id='word_1_298' title='bbox 469 5372 516 5438; x_wconf 90' lang='lat' dir='ltr'><strong><em>Iu</em></strong></span> <span class='ocrx_word' id='word_1_299' title='bbox 538 5373 566 5438; x_wconf 92' lang='lat' dir='ltr'><strong><em>I.</em></strong></span> <span class='ocrx_word' id='word_1_300' title='bbox 598 5372 694 5453; x_wconf 87' lang='lat' dir='ltr'><strong><em>Vesp.</em></strong></span> <span class='ocrx_word' id='word_1_301' title='bbox 717 5371 759 5436; x_wconf 91' lang='lat' dir='ltr'><strong><em>in</em></strong></span> <span class='ocrx_word' id='word_1_302' title='bbox 783 5369 941 5437; x_wconf 85' lang='lat' dir='ltr'><strong><em>Rubrica</em></strong></span> <span class='ocrx_word' id='word_1_303' title='bbox 963 5367 1010 5436; x_wconf 82' lang='lat' dir='ltr'><strong><em>Et</em></strong></span> <span class='ocrx_word' id='word_1_304' title='bbox 1032 5387 1108 5436; x_wconf 92' lang='lat' dir='ltr'><strong><em>non</em></strong></span> <span class='ocrx_word' id='word_1_305' title='bbox 1133 5365 1256 5450; x_wconf 86' lang='lat' dir='ltr'><strong><em>fit‚etc.</em></strong></span> <span class='ocrx_word' id='word_1_306' title='bbox 1279 5370 1559 5453; x_wconf 86' lang='lat' dir='ltr'><strong><em>supprimantur</em></strong></span> <span class='ocrx_word' id='word_1_307' title='bbox 1580 5370 1714 5436; x_wconf 88' lang='lat' dir='ltr'><strong><em>ultima</em></strong></span> <span class='ocrx_word' id='word_1_308' title='bbox 1734 5369 1862 5437; x_wconf 82' lang='lat' dir='ltr'><strong><em>cerba:</em></strong></span> 
     </span>
     <span class='ocr_line' id='line_1_39' title="bbox 366 5473 865 5548; baseline -0.008 -2"><span class='ocrx_word' id='word_1_309' title='bbox 366 5498 434 5547; x_wconf 90' lang='lat' dir='ltr'><strong><em>nec</em></strong></span> <span class='ocrx_word' id='word_1_310' title='bbox 459 5477 618 5548; x_wconf 85' lang='lat' dir='ltr'><strong><em>Octavae</em></strong></span> <span class='ocrx_word' id='word_1_311' title='bbox 643 5475 679 5544; x_wconf 92' lang='lat' dir='ltr'><strong><em>S.</em></strong></span> <span class='ocrx_word' id='word_1_312' title='bbox 699 5473 865 5544; x_wconf 79' lang='lat' dir='ltr'><strong><em>ioannis.</em></strong></span> 
     </span>
    </p>
   </div>
   <div class='ocr_carea' id='block_1_14' title="bbox 0 0 2064 6277">
    <p class='ocr_par' dir='ltr' id='par_1_20' title="bbox 0 0 2064 6277">
     <span class='ocr_line' id='line_1_40' title="bbox 0 0 2064 6277; baseline 0 0"><span class='ocrx_word' id='word_1_313' title='bbox 0 0 2064 6277; x_wconf 95' lang='lat' dir='ltr'><strong><em> </em></strong></span> 
     </span>
    </p>
   </div>
  </div>
 </body>
</html>
