4120 6284
715 375 747 432 s.
771 377 969 452 ermque
986 381 1124 439 urcem.
1633 384 1670 441 ee

274 558 297 628 D
323 558 553 630 Novembris.
585 601 605 613 -
638 561 947 634 Commemoratio
980 565 1155 637 Omnium
1187 566 1366 639 l'idelium
1393 569 1667 641 Defunctomm.
1720 601 1725 610 ·

172 666 271 750 ἀωρὶ.

277 773 300 842 8
334 772 564 845 Novembris.
605 815 625 827 -
662 775 804 847 Octava
838 777 1010 849 Omnium
1053 779 1283 851 Sanctorum.
1317 784 1417 868 ἀωρὶ.
1456 788 1540 874 maj.
1566 784 1667 855 Com.

173 877 230 948 Ss.
256 878 424 964 Quatuor
448 880 717 953 Coronatorum
742 884 843 954 Mart.

274 1005 297 1072 9
314 1005 542 1075 Novembris.
558 1045 583 1058 -
597 1005 787 1078 Dedicatio
800 1008 1084 1082 Archibasilicae
1102 1011 1166 1082 SS.
1184 1011 1396 1085 Salvatoris
1412 1017 1548 1101 dupt2
1562 1018 1666 1086 ctare.
1764 987 1768 996 Ι

172 1109 275 1180 Com.
301 1112 336 1181 S.
361 1111 544 1184 Theodori
569 1113 672 1184 Mart.

278 1237 321 1306 15
345 1237 568 1310 Decembris,
593 1279 610 1290 -
637 1239 779 1310 Octava
809 1242 1070 1314 Immaculatae
1095 1243 1355 1334 Conceptionis
1380 1247 1515 1318 Beatae
1531 1247 1666 1318 Mariae

172 1342 341 1432 Virginis.
364 1347 464 1430 depr.
488 1351 572 1435 maj.

275 1595 359 1663 Poet
382 1597 560 1664 Rubrique
578 1599 769 1666 celerata
783 1600 969 1667 Breeierit
990 1601 1203 1668 inserentur
1226 1601 1351 1671 Novae
1375 1601 1566 1687 Rubricae,
1587 1625 1667 1688 sup

162 1695 304 1785 pressis
328 1701 682 1791 Praescriptiouibus
707 1703 963 1793 Temporariis.
1276 1688 1280 1696 ¹

259 1937 397 2004 Deirute
418 1940 624 2022 suppressis
646 1939 809 2006 mercibus
838 1959 931 2025 quae
952 1960 1050 2008 cunc
1078 1941 1253 2009 habentur
1275 1943 1317 2008 in
1339 1943 1529 2012 Brevtcrtc
1556 1963 1669 2028 usque

169 2042 220 2108 ad
242 2043 474 2126 Pealtcrium
498 2047 710 2112 inserantur
731 2047 937 2131 sequentia:

777 2405 866 2473 'l'res
889 2406 1055 2474 Tabellae

170 2579 214 2628 DX
240 2579 409 2630 RUBRICIS
433 2579 683 2630 exsufflemus
708 2580 892 2630 anvmfflr
908 2581 954 2630 ET
970 2581 1018 2630 DX
1033 2581 1200 2632 RUBRICIS
1224 2583 1335 2634 IUXTA
1351 2583 1666 2634 corsrmtt'rrortum

275 2714 294 2748 s
313 2705 437 2754 DIVINO
460 2705 625 2756 urrbx'ru
642 2713 660 2748 »
679 2705 908 2756 suscensus
931 2705 1150 2756 DXCDRPTAD.

275 2901 318 2971 In
343 2923 502 2990 quarum
524 2901 642 2991 prime
666 2899 791 2970 statim
813 2901 929 2971 videri
956 2902 1090 2990 poterit
1121 2903 1165 2972 de
1198 2923 1272 2991 quo
1304 2902 1562 2974 celebrandum
1598 2905 1666 2974 erit

173 3007 356 3094 Officium,
381 3007 412 3078 si
436 3008 540 3098 plura
564 3008 696 3078 eodem
711 3008 770 3078 die
790 3007 901 3078 Festa
915 3014 1093 3097 perpetuo
1109 3015 1316 3094 occurrant3
1332 3009 1370 3079 in
1387 3010 1550 3081 secunda
1566 3033 1664 3094 vero,

170 3115 199 3184 si
224 3114 501 3186 accidentaliter
524 3113 690 3184 similiter
713 3119 924 3199 occurrant;
949 3114 986 3184 in
1005 3115 1113 3184 tertie
1136 3120 1260 3185 eutem
1284 3118 1471 3205 quomedo
1496 3117 1663 3188 Officium

170 3222 396 3310 praecedens
419 3226 613 3291 concurrat
637 3221 675 3290 in
705 3221 875 3310 Vesperis
899 3221 1130 3304 cumDfficio
1155 3222 1344 3312 sequentis
1368 3223 1450 3294 diei.

276 3328 319 3398 In
351 3327 482 3417 quavis
513 3327 705 3398 extribus
738 3329 898 3398 Tabellis
932 3329 1003 3399 hoc
1034 3329 1162 3399 ordine
1193 3330 1395 3420 reperietur
1425 3331 1526 3421 quod
1556 3353 1666 3421 quee-

169 3437 283 3506 ritur:

275 3541 440 3612 Primum
464 3539 674 3612 inveniatur
696 3562 872 3611 numerus
896 3541 1040 3630 positus
1064 3541 1102 3611 iu
1134 3543 1388 3633 quadrangulo
1420 3544 1493 3626 illo,
1524 3543 1564 3613 in
1592 3566 1665 3633 quo

170 3649 291 3734 l'esta,
308 3649 354 3719 de
374 3648 510 3739 quibus
534 3653 590 3718 est
614 3649 872 3732 controversia,
890 3647 959 3718 sibi
975 3647 1131 3718 invicem
1148 3656 1359 3736 occurrunt;
1377 3649 1509 3721 deinde
1524 3651 1666 3741 legatur

170 3756 298 3845 regula
316 3757 423 3846 Juxta
446 3755 584 3825 dictum
608 3776 804 3825 numerum
828 3754 1021 3842 descripta,
1045 3759 1149 3824 etex
1177 3776 1220 3825 ea
1245 3756 1340 3826 clare
1371 3756 1554 3827 videbitur
1576 3758 1666 3848 quid

169 3863 218 3933 sit
240 3863 437 3952 agendum.

274 3967 442 4056 Exempli
466 3967 597 4057 gratia:
623 3967 938 4057 Quadrangulum
963 3967 1000 4036 in
1024 3989 1099 4057 quo
1123 3967 1192 4037 sibi
1217 3968 1370 4040 invicem
1396 3976 1603 4054 occurrunt,
1627 3969 1665 4039 in

168 4076 288 4166 prima
311 4075 472 4159 Tabella,
496 4074 642 4172 Duplex
666 4075 805 4163 primae
834 4074 964 4144 classis
996 4080 1032 4144 et
1057 4074 1230 4164 Simplex,
1255 4076 1323 4145 erit
1352 4075 1453 4166 quod
1482 4075 1666 4146 invenitur

169 4183 289 4271 primo
313 4181 396 4252 loco
419 4182 458 4252 iu
481 4182 606 4251 eadem
637 4181 734 4251 linea
761 4181 801 4251 in
831 4203 906 4270 qua
936 4181 1148 4251 inscribitur
1180 4181 1324 4271 Duplex
1355 4181 1493 4271 primae
1525 4183 1665 4266 classis

168 4289 205 4359 in
230 4310 307 4378 quo
332 4287 499 4377 signatus
523 4293 580 4357 est
602 4309 780 4358 numerus
806 4288 835 4372 1,
866 4287 954 4376 quia
984 4287 1015 4357 si
1040 4287 1233 4377 adipsum
1266 4288 1560 4378 quadrangulum
1589 4293 1665 4358 tam

170 4397 315 4485 Duplex
340 4394 479 4484 primae
503 4395 632 4464 classis
655 4416 768 4485 quam
786 4394 947 4483 Simplex
965 4417 1009 4464 ex
1034 4415 1160 4466 eorum
1185 4395 1276 4465 locis
1301 4401 1400 4466 recto
1417 4395 1562 4465 tramite
1587 4416 1666 4483 per-

166 4508 307 4593 gerent,
338 4502 377 4571 in
406 4522 450 4571 eo
485 4501 556 4571 sibi
594 4501 751 4572 invicem
783 4507 1026 4572 occurrerent.
1058 4502 1199 4592 Regula
1230 4507 1354 4572 autem
1386 4502 1493 4592 juxta
1527 4501 1664 4572 dictum

167 4631 366 4681 numerum
391 4609 407 4677 l
433 4607 605 4697 apposita
629 4607 682 4678 sic
704 4608 831 4679 habet:
1392 4593 1397 4606 '

275 4773 305 4840 l.
333 4773 493 4856 Officium
526 4773 570 4838 de
602 4772 735 4855 primo,
766 4771 860 4839 nihil
894 4772 936 4838 de
969 4773 1133 4840 eccurcdo.
1165 4770 1207 4839 ld
1238 4775 1293 4840 est
1325 4769 1493 4840 Officium
1525 4769 1590 4838 fiat
1620 4770 1665 4839 de

168 4878 314 4968 Duplici
339 4877 478 4967 primae
503 4875 643 4960 classis,
668 4881 705 4946 et
734 4876 826 4945 nihil
857 4876 901 4946 de
936 4875 1121 4965 Simplici:
1145 4876 1233 4965 quia
1257 4897 1340 4946 cum
1372 4876 1409 4946 in
1441 4875 1500 4946 his
1530 4875 1666 4965 regulis

169 4986 304 5057 dicitur
326 4986 370 5055 de
394 4985 524 5075 prime,
548 5004 615 5054 seu
639 4984 882 5072 praecedenti,
895 4983 1110 5074 intelligitur
1125 4985 1170 5054 de
1186 4983 1295 5054 Festo
1313 4984 1350 5053 in
1368 4983 1547 5073 superiori
1564 4990 1665 5072 parte

169 5092 342 5163 Tabellae
365 5091 548 5182 apposito,
571 5095 613 5160 ut
636 5090 781 5179 Duplex
799 5091 1039 5178 praedictum:
1057 5112 1140 5162 cum
1157 5092 1204 5161 de
1221 5092 1394 5174 secundo,
1411 5090 1470 5160 vel
1485 5091 1665 5180 sequenti,

170 5201 216 5269 de
242 5199 350 5269 Festo
381 5199 419 5269 in
450 5197 614 5268 interiori
645 5203 748 5286 parte
779 5196 849 5267 sub
885 5198 1047 5268 numeris
1078 5197 1268 5285 apposite,
1299 5203 1340 5267 ut
1372 5196 1536 5285 Simplex
1567 5219 1666 5287 prae-

170 5306 318 5376 dictum.

276 5410 317 5480 ln
338 5412 527 5503 aliquibus
551 5415 676 5480 autem
699 5410 964 5500 quadrangulis
988 5410 1131 5499 positus
1155 5416 1211 5480 est
1236 5410 1278 5495 Ο,
1302 5410 1529 5500 quianullus
1546 5431 1667 5480 occur·
