4038 6274
409 463 463 521 106
562 493 564 498 ·
709 465 785 518 Aeto
804 463 994 532 Apostolicoe
1012 463 1109 518 Sedis.
1129 489 1148 503 -
1169 463 1428 518 Commentortcm
1447 465 1587 530 Olttcs'clc.

409 650 456 720 tri
480 656 516 720 et
540 649 645 720 Pauli
673 649 746 718 iarn
771 669 988 720 concessum
1012 655 1078 733 est,
1095 648 1216 718 adhuc
1240 649 1415 719 celebrari
1438 649 1532 734 licet,
1549 649 1608 720 die
1631 650 1750 739 prima
1772 652 1894 722 mensis

413 775 494 846 lulii
518 775 590 844 fixe
614 774 816 864 adsignata.

478 919 480 924 ·
514 901 546 968 1.
571 899 664 969 ltem
687 898 835 969 Festum
855 898 1226 968 Commemorationis
1251 899 1307 969 Ss.
1324 898 1577 988 Reliquiarum
1601 899 1638 969 in
1661 899 1752 970 locis
1775 901 1896 990 quibus

411 1025 508 1094 idem
532 1024 683 1093 Festum
706 1043 772 1111 pro
797 1022 922 1111 aliqua
946 1021 1149 1107 Dominioa,
1175 1023 1245 1092 sub
1268 1023 1342 1093 ritu
1367 1023 1502 1112 duplici
1532 1021 1664 1094 minori
1687 1024 1746 1094 vel
1769 1025 1897 1111 maiori,

411 1150 486 1218 iam
509 1146 691 1217 indultum
709 1151 775 1231 est,
791 1145 830 1215 in
847 1151 1034 1234 posterum
1059 1146 1234 1216 celebrari
1258 1146 1384 1231 adhuc
1398 1151 1530 1236 potest,
1543 1147 1606 1238 die
1626 1147 1755 1237 quinta
1775 1149 1897 1219 mensis

413 1272 630 1343 Novembris
653 1270 725 1341 fixe
749 1270 952 1360 adsignata.
1017 1317 1021 1323 ·

515 1397 547 1467 3.
573 1395 612 1466 Si
646 1395 797 1484 aliquod
832 1395 981 1465 Festum
1017 1395 1201 1466 Ecclesiae
1224 1395 1472 1482 Universalis,
1496 1397 1574 1467 sive
1605 1397 1742 1467 Beatae
1776 1397 1898 1467 Mariae

410 1520 580 1610 Virginis
597 1519 674 1589 sive
699 1518 928 1604 Sanctorum,
946 1520 1015 1589 sub
1038 1518 1110 1588 ritu
1135 1518 1272 1607 duplici
1296 1518 1428 1590 minori
1451 1519 1510 1590 vel
1534 1518 1674 1604 maiori,
1692 1519 1823 1590 alicubi
1848 1521 1899 1589 die

413 1644 605 1716 Dominica
629 1665 845 1718 concessum
881 1644 991 1714 luerit
1014 1645 1205 1730 celebrari,
1229 1645 1363 1715 amodo
1388 1645 1425 1715 in
1449 1645 1508 1716 die
1531 1667 1601 1716 sua
1635 1644 1784 1735 omnino
1806 1665 1901 1732 repo-

412 1771 576 1840 nendum
600 1774 666 1839 est.

515 1895 636 1984 Atque
659 1895 711 1964 ita
734 1892 923 1982 rescripsit
947 1893 1004 1964 die
1027 1894 1049 1962 9
1073 1892 1262 1964 Februarii
1289 1895 1386 1965 mla

563 2159 567 2170 Ι
780 2069 838 2140 Fr.
863 2069 899 2140 S.
926 2068 1037 2139 Caso.
1062 2069 1301 2155 Manrmunnr,
1326 2072 1543 2159 Praefectus.

520 2160 558 2229 L.
575 2161 619 2247 Β
636 2159 671 2229 S·
824 2251 850 2337 †
874 2248 1004 2318 Petrus
1029 2248 1080 2317 La
1107 2246 1293 2334 Fonteiae,
1318 2248 1383 2337 Ep.
1409 2248 1648 2334 charystien,
1672 2249 1898 2318 Secretortos.

1133 2622 1207 2706 IV.

900 2793 1117 2871 PLURIUM
1141 2799 1428 2871 DIOECESUM.

1035 2979 1148 3030 DUBIA
1171 2980 1291 3030 vllam.

519 3136 763 3206 Anonnullis
786 3137 890 3207 Rmis
926 3137 1092 3208 locorum
1128 3137 1334 3208 Ordinariis
1369 3137 1601 3227 insequentia
1636 3137 1750 3209 dubia
1782 3139 1913 3209 Sacrae

413 3261 564 3332 Rituum
601 3260 901 3351 Congregationi,
937 3283 1003 3350 pro
1038 3267 1247 3350 opportuna
1281 3261 1484 3348 solutione,
1520 3262 1710 3352 proposita
1746 3265 1912 3342 fuerunt;

414 3387 610 3457 nimirum:

517 3511 542 3580 1.
567 3511 677 3582 Festa
702 3511 836 3581 Beatae
860 3511 994 3582 Mariae
1020 3511 1178 3601 Virginis
1205 3516 1271 3581 aut
1295 3511 1525 3596 Sanctorum,
1550 3511 1754 3582 Dominicis
1787 3511 1911 3592 affixa,

411 3642 448 3707 et
471 3658 493 3707 a
515 3635 681 3706 locorum
707 3635 911 3706 Ordinariis
934 3636 973 3705 in
997 3640 1213 3724 perpetuum
1239 3635 1481 3724 simplificata,
1504 3633 1760 3724 impediuntne
1785 3634 1911 3705 recita-

415 3761 553 3831 tionem
579 3759 747 3850 Suffragii
773 3760 821 3830 ad
845 3761 990 3831 Laudes
1013 3765 1050 3831 et
1073 3761 1264 3850 vesperae,
1296 3761 1450 3830 Precum
1481 3760 1529 3831 ad
1561 3761 1721 3830 Primam
1747 3767 1786 3830 et
1810 3758 1915 3830 Com-

413 3885 620 3975 pletorium,
638 3884 803 3971 Symboli
820 3885 1061 3982 Athanasiani
1078 3887 1126 3955 ad
1144 3885 1303 3956 Primam
1321 3891 1358 3956 et
1372 3885 1501 3955 tertiae
1519 3885 1705 3956 Orationis
1722 3885 1762 3954 in
1781 3882 1917 3955 Missat

519 4010 564 4079 ll.
590 4009 748 4095 Quando
780 4009 819 4078 in
848 4009 1041 4080 Dominioa
1072 4010 1230 4082 occurrit
1257 4010 1407 4080 Festum
1437 4010 1573 4086 Beatac
1598 4011 1734 4080 Mariae
1758 4008 1918 4100 Virginis

412 4141 590 4225 perpetuo
619 4157 641 4204 a
662 4134 824 4205 locorum
848 4135 1053 4206 Ordinariis
1085 4135 1377 4225 simplificatum‚
1401 4135 1657 4207 conclusiones
1682 4135 1914 4222 Hymnorum

386 4233 387 4238 Ἰ
412 4265 450 4330 et
464 4261 601 4330 Versus
617 4259 855 4348 Responsorii
880 4259 1002 4330 brevis
1025 4261 1073 4330 ad
1091 4261 1251 4330 Primam
1275 4267 1430 4331 eruntne
1451 4261 1496 4331 de
1520 4259 1601 4348 ipsa
1617 4261 1732 4330 Beata
1749 4259 1914 4348 Virgine,

411 4384 460 4454 ad
482 4405 650 4455 normam
675 4383 817 4455 Decreti
841 4383 879 4454 in
903 4405 978 4455 una
994 4387 1160 4455 Romae
1182 4390 1214 4454 et
1237 4388 1410 4469 otiorum,
1427 4384 1499 4455 diei
1523 4385 1568 4454 30
1587 4371 1805 4455 Decembris
1833 4383 1914 4452 1911

417 4509 465 4580 ad
487 4510 574 4579 lump

519 4634 582 4704 Ill.
610 4634 648 4704 Si
673 4635 823 4705 Festum
847 4634 983 4722 duplex
1015 4635 1198 4705 secundae
1223 4635 1352 4705 classis
1382 4635 1420 4705 in
1445 4633 1674 4704 Dominicam
1700 4633 1861 4718 incidat,
1885 4635 1919 4700 et

412 4758 778 4828 commemorandum
802 4759 849 4828 sit
864 4759 1017 4829 Festum
1041 4758 1190 4847 aliquod
1207 4757 1492 4846 simplificatum,
1508 4758 1608 4847 quod
1624 4779 1689 4847 per
1716 4778 1757 4828 se
1783 4758 1919 4828 habeat

414 4882 683 4952 Praefationem
706 4883 890 4970 propriam
923 4883 962 4953 in
987 4883 1115 4968 Missa,
1138 4881 1195 4952 vel
1227 4888 1395 4953 occurrat
1425 4883 1521 4952 infra
1545 4881 1721 4952 Octavam
1752 4881 1916 4971 aliquam

413 5006 580 5078 similiter
605 5007 873 5079 Praefationem
901 5009 1087 5098 propriam
1115 5008 1331 5092 habentem,
1355 5009 1557 5098 legendane
1581 5013 1638 5078 est
1660 5007 1850 5077 Praefatio
1875 5005 1919 5074 de

414 5131 609 5218 Trinitate,
636 5131 694 5201 vel
718 5132 842 5220 potius
866 5133 1049 5204 Praelatio
1079 5132 1227 5221 propria
1250 5133 1349 5203 Festi
1373 5131 1613 5222 simplificati,
1637 5137 1703 5202 aut
1727 5131 1919 5202 Octavael

518 5255 575 5324 lV.
602 5256 723 5342 Quum
750 5277 795 5326 ex
818 5257 925 5327 novis
949 5257 1121 5327 Rubricis
1146 5256 1291 5328 Primae
1319 5258 1500 5345 Vesperae
1532 5256 1578 5326 de
1605 5255 1802 5326 Dominioa
1826 5255 1920 5325 inira

415 5378 594 5450 Octavam
619 5381 864 5470 Epiphaniae,
888 5381 959 5452 nisi
987 5381 1192 5471 Flpiphania
1215 5383 1297 5471 ipsa
1318 5381 1459 5453 venerit
1482 5380 1520 5450 in
1544 5381 1727 5467 Sabbato,
1752 5381 1919 5471 integrae

414 5505 548 5574 amodo
580 5505 625 5575 de
657 5505 738 5594 ipsa
762 5505 955 5576 llominica
986 5507 1162 5577 dicendae
1194 5507 1290 5593 sint,
1321 5506 1475 5577 ultimus
1505 5507 1636 5577 harum
1668 5507 1917 5594 Vesperarum
