4038 6274
368 428 421 487 111
674 431 752 488 Acta
769 431 960 501 Apostoit'cue
977 430 1076 489 aas.
1094 460 1113 473 -
1133 431 1393 489 Commentarium
1415 433 1557 502 Offlcs'ota

881 722 1060 792 Fonuunn
1092 742 1313 792 nunrsnunn.

365 913 366 918 ,
474 882 588 973 «Ego
618 885 662 952 N.
692 885 737 952 N.
768 882 998 953 examinator
1029 884 1096 974 (vel
1126 883 1311 972 parochus
1341 883 1545 974 consultor)
1577 880 1766 971 synodalis
1801 885 1869 975 (vel

369 1006 637 1099 prosynodalis)
661 1007 838 1097 spondeo,
866 1028 981 1078 voveo
1005 1028 1049 1078 ac
1079 1007 1160 1078 iuro
1192 1029 1328 1080 munus
1350 1015 1388 1080 et
1410 1009 1570 1080 officium
1601 1009 1690 1080 mihi
1721 1011 1869 1081 deman-

368 1133 495 1203 datum
513 1154 570 1202 me
586 1131 752 1218 fideliter,
768 1153 1001 1222 quacumque
1025 1134 1190 1203 humana
1214 1133 1406 1206 affectione
1430 1135 1647 1228 postposita,
1663 1140 1701 1206 et
1716 1136 1868 1219 sincere,

369 1262 548 1345 quantum
579 1256 618 1326 in
648 1277 707 1327 me
737 1261 816 1342 est,
847 1251 1088 1328 executurum'
1100 1281 1108 1326 ε
1141 1263 1323 1328 secretum
1354 1257 1461 1328 officii
1493 1257 1589 1330 circa
1616 1258 1742 1328 omnia
1770 1281 1869 1348 quae

366 1378 508 1450 ratione
547 1379 618 1450 mei
650 1380 814 1451 muneris
844 1380 1032 1465 noverim,
1065 1386 1102 1450 et·
1133 1381 1291 1452 maxime
1328 1381 1425 1451 circa
1453 1381 1675 1453 documenta
1705 1387 1869 1466 secreta,

368 1502 653 1592 disceptationes
684 1503 722 1575 in
753 1504 907 1575 consilio
937 1505 1095 1590 habitae,
1123 1505 1383 1595 suffragiorum
1413 1527 1606 1577 numerum
1639 1511 1674 1576 et
1705 1507 1870 1577 rationes

366 1627 535 1718 religiose
566 1633 812 1701 servaturum:
845 1651 913 1700 nec
943 1628 1146 1720 quidquam
1177 1650 1352 1719 prorsus,
1379 1629 1572 1702 occasione
1605 1629 1716 1702 huius
1747 1631 1870 1716 officii,

367 1751 478 1822 etiarn
510 1754 580 1824 sub
611 1753 733 1842 specie
763 1753 861 1841 doni,
893 1754 1070 1839 oblatum,
1101 1775 1169 1824 nec
1199 1761 1286 1825 ante
1316 1776 1384 1825 nec
1415 1761 1509 1844 post
1540 1762 1784 1845 recepturum.

473 1878 570 1950 «Sic
594 1900 651 1950 me
675 1879 776 1950 Deus
799 1880 950 1950 adiuvet
979 1884 1017 1950 et
1043 1879 1135 1950 haec
1169 1884 1297 1951 sancta
1327 1879 1395 1952 Dei
1418 1880 1630 1972 Evangelia,
1654 1902 1750 1971 quae
1775 1881 1870 1951 meis

368 2001 540 2074 manibus
563 2009 675 2094 tango
690 2032 722 2074 ».

744 2537 788 2668 s.
825 2537 1217 2724 ccucrncrru
1254 2536 1508 2669 ccucuu

367 3023 508 3074 DUBIUM
524 3022 625 3074 CIRCA
644 3023 804 3073 vicimus
827 3023 1019 3074 FESTORUM
1043 3023 1169 3074 SANC'I'I
1192 3023 1324 3074 losurfl
1340 3024 1384 3073 ur
1399 3023 1705 3075 ANNUNTIATIONIS
1722 3026 1755 3075 Β.
1773 3025 1812 3074 Μ.
1829 3025 1866 3076 V.

475 3183 552 3254 Sub
576 3184 634 3255 die
661 3185 703 3254 18
727 3184 836 3274 Sept,
861 3205 959 3254 anno
983 3183 1122 3273 elapso,
1139 3184 1174 3255 S.
1188 3184 1233 3253 H.
1248 3183 1286 3254 C.
1304 3186 1351 3254 ad
1367 3183 1638 3274 quaestionem:
1664 3214 1683 3248 «
1702 3185 1757 3256 An
1781 3193 1871 3275 post

368 3338 386 3374 «
403 3311 505 3380 Motu
527 3313 680 3397 Proprie
703 3310 775 3381 diei
799 3311 820 3379 1
844 3309 927 3380 Iulii
953 3312 1036 3381 1911
1071 3310 1193 3381 adhuc
1228 3310 1365 3382 servari
1396 3311 1555 3381 debeant
1584 3310 1728 3400 vigiliae
1755 3313 1870 3382 festo-

368 3462 385 3497 «
403 3454 484 3503 rum
517 3455 801 3522 suppressorum
818 3433 1351 3522 »;respoudit:.11ffirma1icc.
1377 3434 1468 3504 Cum
1495 3439 1618 3504 autem
1646 3435 1685 3503 in
1717 3434 1867 3507 decreto

368 3588 386 3623 «
403 3561 617 3644 Frequentee
634 3559 806 3645 pluribus
822 3586 853 3644 »,
870 3559 940 3628 aS.
959 3558 998 3628 C.
1024 3557 1148 3630 Sancti
1174 3558 1291 3628 Officii
1308 3558 1366 3629 die
1383 3560 1404 3628 5
1420 3559 1519 3648 Sept.
1535 3581 1634 3630 anno
1652 3559 1738 3629 1906
1753 3561 1867 3644 edito,

355 3682 605 3754 ¹constitutum
629 3683 738 3753 fuerit
764 3689 806 3754 ut
827 3683 973 3774 vigiliae
1004 3684 1181 3754 festorum
1208 3683 1333 3754 Sancti
1357 3685 1491 3773 loseph
1508 3691 1545 3755 et
1560 3684 1867 3756 Annuntiationis

368 3809 407 3877 B.
433 3808 477 3877 M.
502 3809 542 3878 V.
566 3807 704 3879 servari
732 3809 946 3879 debuissent
971 3809 1016 3879 iis
1040 3815 1183 3880 tantum
1208 3809 1247 3879 in
1269 3809 1360 3879 locis
1383 3809 1422 3878 in
1456 3809 1592 3899 quibus
1616 3811 1745 3880 eadem
1769 3811 1866 3882 festa

367 3932 437 4002 sub
454 3937 650 4022 praecepto
666 3933 887 4018 recoluntur,
905 3931 1114 4022 quaesitum
1130 3954 1248 4022 nuper
1263 3954 1286 4003 a
1304 3933 1339 4004 S.
1357 3933 1401 4002 H.
1420 3933 1459 4004 C.
1476 3939 1552 4004 est:
1578 3961 1596 3997 «
1614 3933 1671 4004 An
1692 3955 1757 4023 per
1773 3934 1867 4005 deci-

368 4085 386 4120 «
405 4057 547 4128 sionem
571 4057 629 4128 die
656 4059 697 4128 18
726 4059 824 4148 Sept.
849 4058 937 4128 anni
965 4058 1080 4147 clapsi
1104 4059 1239 4144 datam,
1263 4059 1605 4147 suprarecensitam,
1628 4059 1865 4148 dispositioni

367 4181 538 4251 «decreti
563 4180 687 4251 Sancti
712 4182 830 4253 Officii
853 4182 901 4252 sit
925 4183 1138 4272 derogatum
1153 4210 1183 4252 ».
1207 4183 1252 4251 nt
1276 4184 1311 4253 S.
1338 4184 1382 4252 H.
1400 4183 1438 4254 C.
1462 4183 1758 4272 respondendum
1785 4205 1866 4254 cen-

366 4304 457 4375 suit:
481 4307 657 4392 Nepotice.

469 4428 606 4498 Datum
630 4431 780 4515 Romae,
805 4451 824 4500 e
850 4430 1054 4502 Secretaria
1078 4431 1114 4501 S.
1132 4431 1170 4501 C.
1189 4431 1353 4516 concilii,
1370 4432 1429 4502 die
1452 4433 1497 4501 15
1520 4430 1709 4502 Februarii
1736 4433 1833 4501 1911.

803 4643 841 4713 C.
867 4643 980 4714 Gran.
1005 4644 1423 4732 Gausnn1,Praesectus.

470 4747 635 4838 nffls.

1312 4857 1354 4927 0.
1381 4857 1516 4947 Giorgi,
1540 4859 1772 4926 Secretmeus.
