4038 6274
386 441 438 500 1uo
704 449 780 503 Acta
793 448 982 518 Apostolicaa
998 448 1094 505 Sedis.
1109 477 1122 488 ·
1137 449 1396 506 Commentarium
1417 452 1557 519 Offictala.

488 650 635 723 Statuta
657 653 695 722 in
719 652 950 742 praecedenti
974 653 1162 724 validitate
1186 655 1388 743 Apostolici
1415 654 1582 744 rescripti
1606 660 1643 725 et
1665 657 1880 726 succedanei

384 776 640 847 executorialis
674 778 808 848 decreti
833 778 1005 867 Episcopi
1029 778 1169 849 Aretini
1192 780 1373 866 nullitate,
1398 780 1481 849 Rmi
1505 781 1633 851 Patres
1657 780 1882 851 devenerunt

384 899 431 968 ad
454 901 602 971 tertium
625 903 853 992 quaestionis
877 908 1054 993 punctum
1083 903 1374 992 disceptandum,
1398 906 1499 994 quod
1535 905 1742 975 continetur
1766 905 1804 973 in
1827 926 1882 975 se·

385 1025 507 1095 cunda
529 1025 722 1097 dubitandi
744 1028 915 1112 formula,
939 1028 1092 1098 scilicet:
1119 1056 1137 1091 «
1155 1028 1212 1098 An
1235 1028 1312 1098 fieri
1334 1029 1453 1119 possit
1475 1029 1579 1100 locus
1612 1051 1731 1100 novae
1754 1050 1882 1101 execu-

385 1177 403 1212 «
421 1149 513 1218 tioni
534 1172 600 1238 per
615 1152 839 1240 Episcopum
862 1152 1051 1223 faciendae
1067 1153 1233 1242 rescripti
1257 1153 1328 1225 diei
1348 1155 1389 1224 16
1405 1154 1540 1245 Aprilis
1558 1154 1654 1239 1875,
1671 1153 1777 1223 itaut
1792 1154 1883 1224 haec

385 1303 403 1338 «
419 1274 504 1344 inde
520 1275 658 1346 oriatur
673 1305 704 1346 ».

489 1401 546 1471 Ad
562 1423 636 1472 rem
655 1401 738 1471 ani
756 1404 884 1472 Patres
899 1403 992 1473 haec
1004 1401 1041 1472 in
1054 1401 1133 1473 iure
1144 1424 1232 1492 prae
1245 1403 1361 1473 oculis
1373 1403 1546 1473 habenda
1557 1423 1639 1474 esse
1652 1408 1883 1473 censuerunt

383 1530 478 1599 Nota
513 1533 569 1598 est
592 1528 723 1597 divisio
758 1529 1030 1618 rescriptorum,
1054 1527 1092 1597 in
1116 1528 1293 1617 rescripta
1315 1529 1486 1614 iustitiae,
1511 1551 1576 1599 seu
1600 1530 1647 1598 ad
1670 1529 1762 1610 lites,
1785 1534 1822 1598 et
1844 1527 1883 1597 in

381 1652 559 1741 rescripta
582 1652 732 1742 gratiae.
754 1653 856 1722 Haec
880 1658 1001 1723 autem
1029 1658 1115 1722 sunt
1139 1651 1296 1740 duplicis
1320 1651 1472 1741 speciei;
1496 1653 1553 1722 vel
1576 1652 1672 1722 enirn
1695 1651 1882 1721 continent

381 1777 537 1867 gratiam
573 1778 705 1846 laetam
743 1778 801 1846 vel
836 1778 988 1867 gratiam
1027 1778 1243 1848 faciendam.
1284 1778 1385 1849 Haec
1420 1776 1616 1859 distinctio,
1650 1783 1694 1846 ut
1728 1777 1883 1846 advertit

383 1903 488 1973 Card.
514 1902 757 1986 D'Annibale,
781 1925 882 1988 opere
916 1908 1040 1987 citato,
1063 1925 1094 1972 o.
1116 1910 1153 1986 1,
1177 1925 1214 1973 n.
1237 1908 1322 1988 222,
1348 1930 1366 1965 «
1383 1924 1459 1973 non
1486 1923 1530 1972 ex
1554 1901 1697 1990 reipsa
1723 1901 1884 1991 peteuda

383 2057 400 2088 «
419 2032 485 2111 est,
511 2028 577 2097 sed
600 2047 644 2096 ex
669 2027 859 2096 voluntate
883 2025 1128 2111 concedentis
1151 2047 1227 2096 non
1251 2025 1348 2095 enim
1373 2025 1505 2095 dicitur
1526 2023 1644 2114 gratia
1667 2025 1773 2108 lacta,
1797 2045 1880 2094 oum

383 2182 401 2217 «
419 2153 529 2224 luerit
563 2153 658 2222 ultro
684 2151 860 2241 citroque,
884 2153 950 2222 sed
974 2173 1056 2223 cum
1081 2151 1114 2221 is
1138 2152 1202 2241 qui
1226 2151 1324 2222 illam
1349 2151 1527 2236 concedit,
1552 2149 1628 2220 sive
1651 2171 1717 2239 per
1740 2172 1780 2220 se
1803 2150 1884 2220 sive

383 2298 483 2365 «per
505 2277 618 2346 alium
643 2275 774 2345 annuit
798 2275 975 2358 petitioni.
1000 2275 1062 2346 Uti
1082 2275 1193 2365 igitur
1217 2276 1377 2346 sciamus
1400 2281 1484 2345 utra
1506 2297 1551 2345 ea
1574 2273 1732 2359 sitente
1756 2275 1884 2344 omnia

383 2400 688 2489 «dispiciendum
724 2406 797 2484 est,
821 2406 944 2470 utrum
980 2399 1150 2489 princeps
1185 2401 1340 2489 ipsemet
1375 2420 1454 2471 eam
1492 2399 1668 2471 concedat
1698 2420 1745 2469 an
1776 2400 1883 2470 alteri

384 2527 693 2598 «concedendam
717 2525 888 2610 remittat,
912 2526 988 2595 sive
1013 2529 1054 2595 ut
1084 2546 1183 2596 nunc
1217 2525 1331 2608 aiunt,
1363 2531 1487 2595 utrum
1522 2545 1604 2595 eam
1640 2507 1817 2595 concedat
1844 2525 1884 2595 in

383 2680 400 2714 «
418 2657 538 2738 formo
558 2655 732 2737 gratiosa,
756 2671 804 2719 an
828 2649 866 2718 in
889 2654 1009 2737 [ormo
1031 2655 1287 2720 ocnuntmorta.
1321 2651 1478 2735 Quando
1513 2651 1668 2739 ipsemet
1690 2670 1770 2720 earn
1795 2671 1885 2720 con-

382 2775 514 2846 «cedit
537 2775 575 2843 in
598 2774 752 2864 gratiam
782 2773 861 2844 eius
886 2773 944 2844 oui
968 2773 1067 2844 illam
1104 2775 1271 2845 concedit
1273 2828 1325 2845 .....
1350 2775 1564 2864 regulariter
1597 2773 1693 2844 lacta
1715 2774 1885 2865 intelligi·

382 2905 486 2970 «tur.
513 2899 669 2984 Quando
705 2920 785 2969 earn
809 2898 913 2969 alteri
939 2899 1212 2970 concedendam
1247 2899 1409 2984 remittit,
1433 2899 1543 2969 modo
1568 2899 1673 2984 laem
1697 2899 1807 2969 modo
1832 2899 1885 2969 la·

382 3053 400 3089 ‹
417 3025 546 3096 cienda
563 3023 793 3113 intelligitur:
811 3023 1028 3114 intelligitur
1043 3025 1150 3111 lacta,
1171 3024 1201 3094 si
1219 3046 1304 3094 eum
1321 3025 1379 3094 cui
1396 3024 1548 3095 mandat
1563 3024 1661 3094 illam
1679 3025 1884 3094 concedere

381 3178 399 3213 «
418 3149 607 3220 constituit
626 3155 858 3219 executorem
874 3149 1139 3220 necessarium:
1165 3147 1222 3218 sin
1239 3149 1499 3233 voluntarium,
1515 3148 1684 3219 facienda
1698 3153 1884 3220 censetur.

381 3301 400 3338 ι
416 3274 547 3344 Utrum
572 3294 659 3343 vero
684 3294 769 3343 eum
792 3273 1034 3358 constituerit,
1057 3272 1243 3343 aestimari
1271 3273 1381 3343 dehet
1404 3293 1446 3342 ex
1471 3271 1594 3342 verbis
1625 3272 1788 3341 mandati
1812 3294 1885 3344 seu

382 3426 399 3462 «
416 3397 579 3486 rescripti
597 3425 627 3467 ».

483 3521 526 3591 ln
542 3521 703 3591 themate
719 3541 806 3591 vero
831 3521 1000 3610 quamvis
1023 3520 1240 3608 rescriptum
1257 3519 1509 3608 Apostolicum
1525 3519 1574 3589 sit
1589 3519 1627 3589 in
1642 3519 1759 3589 forma
1773 3541 1886 3614 'com-

379 3646 559 3730 missoria,
584 3645 744 3716 dubitari
766 3650 891 3716 temen
915 3666 991 3716 non
1015 3651 1136 3733 potest
1159 3646 1260 3735 quod
1287 3645 1407 3733 ipsum
1444 3643 1631 3714 contineat
1653 3643 1805 3734 gratiam
1832 3646 1889 3716 la-

378 3777 486 3855 etam,
501 3775 543 3840 ut
566 3791 611 3839 ex
634 3769 752 3858 ipsius
774 3775 902 3840 tenore
926 3769 1100 3857 erumpit:
1125 3768 1346 3839 «Sanctitas
1370 3767 1456 3852 Sua,
1473 3767 1600 3839 audita
1622 3768 1798 3838 relatione
1816 3769 1888 3840 Or-

380 3925 398 3960 «
415 3895 547 3966 dinarii
564 3893 715 3979 Aretini,
731 3897 877 3982 benigne
900 3897 1033 3964 annuit
1058 3915 1100 3964 ac
1115 3899 1310 3984 propterea
1333 3893 1522 3963 mandavit
1544 3893 1663 3964 eidem
1688 3894 1887 3980 committi,

379 4047 397 4082 «
415 4026 457 4090 ut
478 4019 575 4089 veris
606 4019 848 4089 existentibus
871 4018 1047 4104 narratis,
1072 4020 1272 4089 dummodo
1307 4018 1457 4089 accedat
1491 4039 1695 4088 consensus
1725 4021 1888 4107 parochi

380 4172 397 4208 «
416 4145 451 4215 S.
476 4143 662 4234 Eugeniae
684 4144 795 4233 vulgo
819 4147 859 4212 al
874 4147 1055 4232 Bcpnoro,
1078 4143 1228 4230 petitam
1253 4165 1319 4232 pro
1343 4165 1411 4213 suo
1436 4143 1585 4213 arbitrio
1601 4149 1638 4214 et
1653 4145 1888 4215 conscientia

379 4297 397 4332 «
414 4268 603 4357 indulgeat
637 4267 840 4338 cessionem
867 4272 904 4338 et
926 4268 1100 4338 unionem
1136 4273 1350 4356 perpetuam
1379 4267 1565 4338 enunciati
1599 4267 1714 4338 annui
1737 4269 1888 4340 reditus

379 4391 710 4462 «libellarum100
711 4443 763 4460 .....
781 4419 811 4460 ».

481 4515 596 4606 Igitur
620 4515 836 4586 Ordinarius
861 4515 1033 4586 Aretinus
1058 4514 1293 4586 constituitur
1316 4519 1460 4584 tantum
1495 4513 1727 4585 necessarius
1750 4535 1890 4586 execu-

376 4646 433 4709 tor
456 4639 560 4710 relati
585 4638 750 4728 rescripti
774 4645 810 4709 ct
833 4661 909 4708 non
935 4639 1173 4724 voluntarius,
1196 4661 1272 4709 uon
1297 4639 1468 4709 obstante
1493 4638 1659 4710 clausula
1684 4666 1702 4701 «
1718 4660 1785 4728 pro
1809 4645 1888 4710 tuo

378 4791 396 4826 «
412 4764 563 4834 arbitrio
587 4769 623 4834 et
657 4763 883 4834 conscientia
897 4791 929 4848 »,
954 4770 990 4834 et
1012 4765 1155 4835 adiecta
1191 4763 1400 4834 conditione
1435 4765 1480 4834 de
1505 4783 1690 4834 consensu
1725 4765 1888 4853 parochi

377 4887 527 4958 Plehani
552 4887 790 4977 requirend0,
814 4888 868 4957 uti
892 4889 964 4956 iarn
989 4889 1081 4958 alias
1115 4888 1337 4977 explicatum
1362 4893 1417 4957 est
1441 4893 1477 4958 et
1499 4888 1607 4957 docet
1631 4886 1736 4956 Card.
1760 4886 1891 4956 D‘An-

376 5012 508 5096 nihale,
535 5014 555 5080 l.
581 5034 607 5080 c.
631 5015 673 5080 tn
695 5015 781 5080 noto
803 5035 839 5080 a.
864 5017 895 5080 5.
921 5013 1046 5102 Neque
1070 5011 1109 5081 in
1133 5033 1221 5082 casu
1245 5009 1395 5081 obtendi
1420 5016 1543 5098 potest
1573 5011 1706 5081 lectam
1732 5031 1893 5080 conces-

376 5135 518 5206 sionem
550 5135 746 5205 evanuisse
770 5157 835 5224 per
858 5135 1058 5206 invalidam
1082 5136 1336 5207 executionem
1369 5135 1532 5205 mandati
1556 5140 1728 5224 exparte
1752 5155 1894 5206 execu-

375 5259 475 5342 toris,
500 5259 587 5347 quia
609 5280 685 5328 non
716 5257 837 5346 agitur
860 5258 905 5328 de
932 5259 1050 5348 gratia
1076 5259 1254 5344 iacienda,
1278 5259 1343 5328 sed
1368 5259 1413 5328 de
1437 5259 1556 5348 gratia
1579 5260 1686 5342 facta,
1710 5277 1805 5347 quae
1830 5260 1893 5331 de

375 5405 413 5452 se
430 5388 487 5452 est
501 5388 679 5471 perpetua
694 5382 798 5452 iuxta
813 5383 904 5454 illud
929 5411 947 5447 «
965 5385 1069 5454 decet
1085 5383 1260 5473 principis
1278 5382 1496 5454 beneficium
1513 5403 1595 5454 esse
1613 5403 1831 5453 mansurum
1849 5411 1893 5470 »‚

375 5515 411 5579 et
434 5509 481 5578 ad
510 5529 620 5596 quarn
653 5507 847 5596 acquisivit
877 5509 1062 5596 quoddam
1088 5507 1194 5597 quasi
1227 5506 1286 5577 ius
1310 5507 1357 5576 ad
1388 5528 1465 5576 rem
1490 5507 1554 5595 qui
1577 5507 1678 5577 illam
1702 5506 1893 5580 obtinuit.
