4120 6284
671 438 702 493 S.
727 437 926 507 Gcnurcuuh'o
945 439 1083 494 Rittium.
1593 432 1629 490 75

237 626 280 691 In
304 624 351 692 ΙΙ.
383 625 479 710 Vesp.
503 629 545 694 in
567 625 726 694 Rubrius
749 627 795 695 Et
818 646 894 695 non
909 624 961 711 fu,
984 627 1334 712 etcmcpprimantur
1356 625 1486 691 ultima
1508 621 1628 688 cerba:

156 749 208 798 uec
229 727 387 799 Octavae
413 730 448 800 S.
470 730 633 801 Joannis.

237 839 283 904 Iu
299 841 505 921 penultima
524 841 684 908 Rubricu
707 839 848 909 Deinde
872 838 924 924 fit,
947 843 1019 925 etc„
1041 843 1322 926 supprimantur
1344 838 1462 906 verbu:
1486 834 1531 903 Et
1553 855 1628 902 non

154 941 186 1009 tit
205 962 327 1011 comm.
354 942 433 1013 Oct.
464 943 498 1014 S.
524 945 689 1031 ioannis,
713 966 833 1035 neque
860 945 898 1015 in
922 945 1036 1015 Laud.

242 1050 374 1118 Ultima
397 1053 554 1121 Rubricu
575 1057 628 1122 sic
649 1056 869 1139 corruatur:
895 1051 933 1122 Si
966 1051 1273 1122 commemoratio
1297 1049 1332 1120 S.
1357 1048 1464 1119 Pauli
1493 1045 1627 1117 alicubi

153 1155 211 1223 alia
231 1154 288 1224 die
312 1157 526 1245 celebretur,
550 1164 668 1228 totum
695 1158 863 1229 Officium
887 1159 929 1228 fit
952 1165 993 1228 ut
1017 1157 1225 1246 inproprie
1249 1155 1422 1226 Ecclesia.

752 1369 821 1439 Drc
844 1371 890 1438 30
912 1370 1021 1439 Juurr.

237 1531 295 1596 Au
309 1531 456 1599 Laudes
477 1535 731 1617 supprimatur
753 1533 914 1600 Rubrica
936 1530 1077 1601 Deinde
1104 1530 1266 1601 Octavse
1292 1530 1328 1599 S.
1352 1527 1518 1598 Joannis.

237 1638 283 1704 In
306 1639 355 1705 Π.
387 1639 547 1722 Vespere
576 1643 619 1707 iu
650 1641 808 1707 Rubricu
831 1638 1013 1726 Vesperae
1053 1637 1216 1727 integrae
1246 1641 1317 1721 cic,
1347 1637 1628 1720 supprimetur

148 1745 262 1811 ultima
286 1745 411 1812 verba:
436 1751 472 1813 et
496 1743 574 1814 Oct.
604 1744 639 1815 S.
665 1744 818 1814 Jcennis
841 1750 883 1814 ut
906 1745 945 1814 in
968 1744 994 1813 I.
1019 1744 1126 1832 Vesp.
1150 1744 1260 1814 Festi.

234 1939 280 2006 In
300 1943 485 2024 principio
507 1942 605 2008 Julii
626 1945 882 2026 suppmmutur
904 1942 1063 2009 Rubricc
1088 1940 1210 2008 Prima
1233 1939 1292 2008 die
1316 1943 1374 2008 etc.

234 2135 281 2202 In
304 2137 406 2204 Festo
428 2136 686 2206 Preticcicsimt
702 2138 907 2224 Sanguinis
926 2140 1179 2222 supprimatur
1189 2137 1357 2221 Rubmcu,
1376 2139 1627 2222 qucctncips't:

148 2239 179 2308 Si
198 2241 307 2312 hodie
332 2247 508 2313 occurrat.

233 2443 321 2509 Post
344 2443 475 2527 fectum
497 2443 754 2510 Pretiosiecimi
776 2441 979 2528 Sanquinic
996 2444 1176 2526 ponatur:

505 2652 616 2722 lurni
641 2653 818 2724 Ocriviu
843 2653 899 2724 Se.
925 2654 1039 2723 Prrrn
1062 2673 1106 2722 rr
1131 2653 1257 2724 Pium.

217 2851 293 2917 Hic
314 2851 528 2917 inserantur
549 2853 674 2917 munic
696 2871 788 2936 quac
810 2850 986 2918 habentur
1007 2853 1050 2920 iu
1072 2851 1263 2918 Breeiaric
1280 2852 1362 2934 post
1385 2852 1515 2935 fectum
1537 2852 1627 2920 Visi-

144 2955 279 3025 witonis
304 2957 349 3024 B.
372 2957 422 3024 Μ.
454 2957 489 3024 V.

756 3097 826 3167 Dur
852 3099 868 3166 1
895 3098 1005 3168 Jumr.

231 3259 526 3345 Suppmwutur
547 3263 692 3327 omnino
715 3279 806 3344 quae
829 3280 927 3326 cunc
956 3260 1133 3328 habentur
1161 3261 1203 3326 tn
1229 3261 1429 3340 Breucum,
1452 3261 1483 3326 et
1507 3281 1627 3328 eorum

144 3365 202 3434 loco
219 3369 406 3451 ponatur:

380 3598 517 3666 Termi
542 3617 602 3665 mr
627 3617 734 3666 rurus
759 3596 940 3667 OCTAVAM
964 3597 1020 3668 Ss.
1045 3597 1158 3666 Pmru
1183 3617 1227 3665 nr
1251 3597 1377 3666 Pium.

233 3740 276 3809 In
305 3739 332 3808 Ι.
357 3739 561 3807 Nocturno:
586 3736 777 3808 Lectiones
802 3738 846 3807 de
871 3737 1059 3826 Scriptura
1082 3743 1304 3807 occurrente.

233 3847 274 3916 ln
304 3845 350 3916 ΙΙ.
376 3845 582 3914 Nocturn0:
598 3846 720 3914 Sermo
739 3845 773 3913 S.
790 3845 949 3912 Mummi
964 3848 1141 3932 Episcopi.
1158 3847 1238 3912 Non
1252 3848 1331 3912 sinc
1346 3865 1499 3915 emesa...
1517 3845 1570 3934 (ct
1585 3849 1627 3914 iu

141 3957 298 4042 antiquis
319 3956 525 4022 Brecioeriis
548 3955 606 4020 dic
628 3959 650 4022 5
671 3954 791 4044 Jctit).

233 4060 276 4130 In
297 4059 360 4130 ΙΙΙ.
386 4059 595 4157 Νοοίιιωιοε
621 4058 781 4129 Humilia
797 4059 835 4128 in
851 4060 988 4150 Evang.
1004 4062 1089 4128 Ecce
1105 4081 1170 4128 nos
1183 4061 1406 4146 reliquimus,
1426 4059 1470 4129 de
1488 4058 1626 4132 Comm.

142 4167 256 4254 Apost.
286 4167 423 4237 11000.

758 4308 827 4377 Duc
851 4309 873 4377 6
896 4309 1004 4378 Junu.

417 4451 461 4520 In
485 4450 625 4521 Octava
657 4451 713 4521 Se.
738 4451 836 4520 Petri
860 4455 897 4520 et
920 4449 1035 4519 Pauli.
1058 4452 1202 4536 nuptam
1224 4452 1358 4540 Mojue.

724 4612 793 4680 Dm
816 4613 839 4681 5
861 4611 1038 4681 Aucusrr.

241 4760 375 4827 Ultima
398 4757 557 4824 cubum
586 4758 639 4824 sic
669 4759 892 4842 cerriuutur:
923 4755 1026 4843 Vesp.
1050 4755 1095 4825 de
1127 4755 1294 4844 sequenti
1327 4777 1409 4825 cum
1437 4778 1627 4828 commem.

141 4865 397 4948 praecedentis.

723 4987 791 5055 Dm
814 4987 837 5055 6
860 4985 1036 5055 Aueusrr.

331 5129 372 5198 In
397 5129 779 5198 Tuiusrrsururrorrc
805 5128 848 5197 D.
874 5127 917 5200 N.
940 5127 967 5196 Ι.
993 5127 1031 5196 C.
1056 5129 1201 5213 Duplam
1223 5131 1272 5198 Π.
1288 5132 1427 5198 classis.

236 5253 283 5321 In
297 5256 324 5324 I.
347 5258 447 5339 Vesp.
461 5255 717 5338 supprimatur
737 5255 899 5322 Rubrium
914 5251 1055 5321 Deinde
1076 5251 1130 5322 Ss.
1148 5251 1252 5338 Xysti
1271 5252 1315 5322 11.
1333 5253 1465 5340 Papae,
1481 5254 1629 5326 Felicis·

141 5354 218 5426 simi
241 5365 279 5428 et
301 5359 445 5451 Agapiti
470 5359 555 5428 Mm.
580 5363 648 5427 etc.
