4038 6274
377 426 430 483 108
694 435 772 488 Actu
790 433 981 502 Apostolicue
1000 434 1098 491 Sedis.
1118 463 1136 474 -
1158 435 1422 491 Omnmeolarium
1442 437 1584 504 Oniciule.

748 796 954 926 alum
1006 799 1273 929 aculus
1331 799 1498 929 toll

1109 1157 1142 1240 I.

923 1299 1329 1384 VESZPRIMIEN.

664 1475 880 1526 uuumrxms
907 1477 1132 1528 uurmuoun
1156 1461 1595 1550 (uuuuxssx-sudcuturr)

480 1634 546 1702 Pio
565 1636 635 1704 ΡΡ.
659 1638 697 1704 X
717 1639 868 1721 feliciter
893 1642 1073 1724 repetente,
1101 1640 1337 1725 Pontificatuu
1367 1641 1634 1708 Dominute'cnia
1659 1661 1749 1708 suae
1779 1661 1874 1706 cmm

382 1758 479 1841 VIII,
498 1761 597 1828 die2
619 1761 722 1830 Iunii
745 1766 843 1846 1911,
868 1765 1026 1831 Michuel
1048 1766 1157 1850 Lepc,
1181 1763 1353 1834 Decanus
1371 1765 1528 1848 Ponens,
1556 1767 1758 1834 Guilelmus
1774 1765 1874 1832 Sebu-

376 1885 549 1968 alicuem,
576 1887 804 1971 Seraphmm
826 1889 951 1975 Many,
985 1891 1204 1958 Franciacue
1228 1892 1372 1973 Heiner,
1395 1891 1549 1959 Ioannes
1573 1892 1687 1974 Prior,
1717 1890 1876 1959 Aloise'us

377 2006 532 2092 Sincere,
561 2009 686 2094 Ioseph
712 2013 820 2095 Mori,
850 2014 1060 2082 Frtdericua
1093 2013 1251 2097 Callani,
1284 2014 1465 2082 Antonius
1494 2015 1721 2096 Persidem,
1753 2014 1877 2097 Ioseph

377 2132 520 2216 Alberti,
558 2134 686 2203 Petrus
718 2137 879 2220 Russelti,
906 2137 1096 2205 Auditorea
1127 2141 1166 2206 in
1189 2159 1303 2205 ccmo
1329 2165 1347 2200 ‹
1364 2135 1623 2225 Veszprimien.
1649 2176 1665 2187 -
1692 2136 1874 2206 Nullitatis

379 2253 633 2324 Matrimonii»
655 2261 750 2327 inter
770 2261 967 2329 Dominam
988 2262 1179 2329 Natalium
1201 2283 1219 2328 e
1245 2261 1436 2329 emimus
1458 2262 1649 2344 Andruaay
1672 2281 1875 2344 repraesen—

379 2383 495 2448 tatum
520 2403 589 2466 per
613 2389 882 2468 procuratorem
911 2388 1124 2456 advocatum
1146 2389 1378 2454 Nazarenum
1400 2389 1555 2469 Patriam
1578 2391 1609 2454 et
1632 2387 1839 2454 Aradarum
1861 2408 1878 2452 e

380 2506 574 2576 domimus
608 2509 806 2595 Seechenpt
832 2515 1082 2594 contumacem,
1105 2512 1358 2579 interveniente
1384 2513 1415 2578 et
1446 2512 1664 2596 disceptante
1692 2512 1735 2577 tm
1766 2531 1876 2577 couau

383 2633 528 2700 Vinculi
555 2635 745 2718 Defeuscre
770 2657 814 2702 ecc
840 2639 958 2720 officio,
986 2640 1185 2723 sequentem
1211 2638 1434 2722 definitivam
1458 2637 1618 2703 tulerunt
1643 2637 1880 2703 senientiam:

483 2773 769 2844 Controversum
793 2775 1068 2846 matrimonium
1093 2777 1225 2847 initum
1246 2783 1303 2847 est
1318 2776 1377 2847 die
1393 2778 1414 2846 5
1430 2776 1507 2846 iulii
1526 2777 1614 2846 1881
1636 2775 1877 2864 Budapestini

378 2918 399 2966 a
425 2897 569 2968 Natalia
593 2920 613 2969 e
638 2899 844 2970 Comitlbus
867 2901 1056 2988 Andrassy
1080 2923 1164 2971 cum
1195 2901 1356 2971 Aladaro
1380 2922 1400 2971 e
1426 2899 1631 2971 Comitibus
1659 2899 1879 2986 Szechenyi3

378 3027 425 3104 at,
450 3021 547 3092 malo
572 3024 659 3108 lato,
683 3023 865 3096 infelicem
888 3026 1020 3097 habuit
1042 3027 1191 3096 exitum.
1218 3025 1361 3096 Coniux
1386 3026 1532 3096 Natalia
1551 3046 1646 3114 quae
1663 3025 1798 3094 infore
1816 3025 1878 3094 Ec·

378 3145 582 3218 clesiastico
617 3147 827 3220 iudicialem
861 3150 1080 3220 instauravit
1115 3151 1297 3221 actionem
1323 3151 1381 3220 die
1405 3153 1427 3220 6
1451 3150 1611 3220 octobris
1638 3150 1725 3220 1906
1757 3169 1877 3219 coram

378 3268 574 3341 Ordinario
598 3272 890 3362 Veszprimiensi,
917 3275 1106 3345 contendit
1139 3297 1179 3346 se
1214 3275 1373 3345 Aladaro
1401 3275 1573 3363 nupsisse
1596 3274 1699 3363 gravi
1731 3279 1831 3344 metu
1857 3293 1881 3340 a

377 3400 480 3483 patre
504 3403 680 3483 coactam,
698 3404 733 3468 et
749 3399 819 3470 hac
835 3399 880 3470 de
905 3421 1017 3470 causa
1041 3399 1317 3470 matrimonium
1340 3399 1482 3469 nullum
1507 3419 1599 3469 esse.
1623 3398 1767 3468 Asserit
1783 3397 1876 3468 enim

377 3540 416 3589 se
441 3520 635 3592 adamasse
659 3523 855 3612 quemdam
881 3524 1079 3594 Dominum
1106 3523 1285 3595 Comitem
1310 3525 1570 3594 Harnancourt
1592 3529 1629 3592 et
1652 3521 1780 3592 induci
1805 3543 1877 3592 non

378 3644 554 3732 potuisse,
577 3668 699 3736 neque
723 3648 833 3719 minis
856 3670 976 3739 neque
1000 3649 1320 3739 promissionibus
1337 3654 1378 3718 ut
1395 3647 1518 3718 animo
1535 3654 1572 3718 et
1588 3647 1781 3718 voluntale
1799 3647 1881 3716 Ala-

378 3769 468 3839 daro
500 3771 717 3843 adhaereret
750 3794 815 3863 per
850 3774 1042 3865 coniugale
1078 3775 1218 3859 foedus
1243 3774 1344 3863 quod
1378 3778 1521 3843 tantum
1555 3780 1655 3843 metu
1687 3772 1878 3863 compulsu

378 3893 492 3964 inivit.
517 3897 578 3966 Ait
594 3904 717 3967 autem
735 3905 876 3987 patrem
893 3901 1117 3971 voluntatem
1135 3922 1240 3970 suam
1266 3900 1362 3971 filiae
1386 3899 1607 3988 imposuisse
1630 3897 1718 3986 quia
1736 3897 1882 3968 enixius

380 4018 629 4090 «intendebat
657 4027 699 4092 ut
730 4023 1056 4095 fideicommissum
1088 4025 1256 4112 Dionysii
1280 4046 1300 4095 e
1325 4023 1531 4095 Comitibus
1563 4023 1752 4109 Andrassy
1775 4021 1882 4092 cuius

380 4154 398 4187 «
415 4146 502 4214 pars
518 4132 575 4196 est
591 4126 774 4200 Comitum
793 4130 982 4218 Andrassy
998 4132 1102 4202 locus
1118 4131 1319 4222 geneticus‚
1335 4153 1399 4201 arx
1420 4151 1552 4219 nempe
1569 4131 1831 4198 truamuhcrlcu
1846 4133 1883 4198 et

382 4253 521 4322 «cuius
545 4253 624 4342 ipse
648 4260 795 4326 curator
818 4264 907 4342 erat,
930 4258 1131 4328 haeredum
1157 4278 1308 4327 suorum
1334 4255 1521 4344 possessio
1546 4253 1631 4338 fiat;
1655 4257 1692 4322 et
1714 4251 1881 4322 haeredi-

380 4407 397 4440 «
415 4379 485 4448 bus
503 4379 750 4468 praesumptis
773 4402 871 4451 uuus
895 4389 953 4452 est
975 4381 1147 4452 Alfredus
1171 4381 1382 4473 (Aladarus)
1399 4402 1419 4450 e
1437 4379 1643 4450 Comitibus
1661 4375 1881 4463 Szechenyi:

380 4531 397 4566 «
416 4502 499 4574 ideo
523 4504 641 4575 voluit
665 4511 701 4575 et
725 4506 885 4578 decrevit
908 4513 1014 4595 pater
1030 4528 1142 4577 meus
1173 4512 1215 4577 ut
1243 4527 1309 4596 ego
1337 4505 1475 4576 Alfredi
1507 4503 1685 4595 (Aladari)
1713 4523 1733 4572 e
1765 4500 1882 4572 Corni-

380 4657 397 4690 «
415 4629 516 4699 tibus
534 4629 735 4719 szechenyi
755 4653 849 4701 uxor
865 4631 951 4702 fiam
966 4661 995 4701 ».
1021 4632 1076 4701 lta
1093 4631 1239 4702 Natalia
1262 4632 1300 4700 in
1325 4629 1480 4719 supplici
1504 4629 1627 4699 libello
1644 4627 1731 4697 dato
1750 4626 1883 4698 Curiae

378 4754 671 4843 Veszprimiensi.

482 4880 579 4951 Huic
602 4881 799 4952 instantiae
824 4882 1024 4970 praecessit
1041 4883 1215 4953 iudicium
1234 4880 1271 4950 in
1289 4881 1368 4950 foro
1393 4879 1502 4964 civili,
1519 4879 1730 4966 incoeptum
1756 4897 1881 4947 mense

378 5007 525 5096 augusti
552 5008 647 5092 1904,
672 5013 708 5077 et
732 5007 875 5076 Natalia
899 5007 1060 5077 obtinuit
1083 5006 1183 5096 quod
1206 5005 1245 5074 in
1269 5005 1366 5075 votis
1391 5003 1562 5087 babebat,
1579 5023 1710 5090 nempe
1735 4999 1879 5072 decerni

378 5130 587 5215 divortium,
612 5132 711 5220 quod
735 5137 870 5201 vocant
893 5131 1008 5201 civile.
1032 5132 1078 5198 At
1095 5153 1139 5200 ex
1156 5129 1311 5199 adverso
1334 5127 1465 5199 Curiae
1481 5125 1785 5215 Veszprimiensis
1802 5145 1884 5194 sen-

376 5258 501 5342 tentia,
526 5259 625 5328 edita
648 5257 707 5328 die
731 5258 754 5325 l
777 5255 980 5326 decembris
995 5256 1092 5338 1907,
1109 5275 1184 5324 non
1201 5253 1325 5322 arrisit
1341 5251 1475 5323 Actrici
1499 5250 1587 5340 quia
1604 5256 1877 5321 controversum

378 5382 652 5452 matrimonium
677 5381 837 5452 edictum
854 5380 923 5450 luit
938 5379 1100 5449 validum
1125 5400 1218 5449 esse.
1242 5377 1370 5447 Visum
1395 5382 1451 5446 est
1475 5376 1570 5446 enim
1597 5373 1724 5458 ludici,
1742 5380 1877 5443 metum

376 5530 451 5578 non
475 5508 566 5576 satis
590 5528 670 5577 esse
695 5507 902 5594 probatum,
927 5511 963 5575 et
986 5509 1175 5592 praeterea
1199 5502 1401 5572 advertitur
1424 5521 1468 5571 ex
1494 5499 1586 5570 actis
1609 5520 1685 5568 non
1706 5519 1788 5568 esse
1805 5517 1880 5567 cer-
