4120 6284
424 561 460 618 52
734 565 811 620 Aeto
829 564 1020 634 Apostolicoe
1041 563 1140 620 stoa.
1160 591 1179 604 -
1200 563 1461 620 commatrum
1473 564 1614 631 officiale.

426 771 506 820 rum
531 750 725 822 sollemnia
741 750 792 821 ita
807 749 940 822 instrui
963 756 1005 820 ut
1020 757 1174 821 externa
1189 755 1377 839 pompaei
1392 747 1502 819 bonis
1518 749 1720 820 litterarum
1746 749 1916 820 fructibus

425 874 616 963 proposito
640 875 714 944 siut
737 873 850 962 paria,
873 879 984 963 teque
1007 873 1075 945 etsi
1100 873 1202 944 brevi
1227 872 1362 944 abhinc
1384 878 1550 960 tempore
1576 872 1762 961 praefatae
1777 872 1918 944 Univer-

426 1000 525 1070 sitati
549 999 809 1088 praepositum,
822 999 874 1069 ita
897 1005 1024 1070 tamen
1047 999 1189 1090 egregie
1222 999 1267 1069 dc
1295 999 1424 1070 eadem
1449 997 1646 1083 meruisse,
1670 1003 1713 1067 ut
1734 997 1916 1069 laudatum

427 1123 647 1195 christianae
663 1124 866 1213 sapientiae
878 1124 1105 1195 domicilium
1121 1123 1275 1194 navitati
1291 1130 1377 1194 tuae
1393 1129 1544 1212 accepte
1559 1124 1692 1193 referat
1706 1145 1782 1193 non
1794 1123 1919 1213 exigua

427 1247 616 1338 dignitatis
642 1248 878 1319 incrementa.
1540 1251 1542 1258 ⁴

534 1372 678 1458 Quibus
701 1393 791 1442 sane
807 1371 1042 1443 incrementis
1058 1379 1092 1442 et
1111 1373 1197 1457 Nos,
1213 1372 1343 1443 dilecte
1359 1371 1422 1458 lili,
1438 1373 1632 1443 studemus
1648 1394 1773 1463 quum,
1789 1372 1829 1442 in
1849 1393 1920 1461 par·

428 1500 500 1588 tem
518 1495 637 1568 vocati
652 1495 813 1567 laetitiae
823 1485 985 1584 vestrae,
1001 1497 1103 1567 haud
1119 1496 1223 1567 inviti
1240 1497 1499 1568 communibus
1516 1496 1610 1568 votis
1627 1497 1840 1584 annuimus,
1855 1499 1920 1567 rati

427 1621 642 1693 societatem
655 1621 828 1690 Nostram
844 1620 1109 1710 periucundam
1131 1619 1322 1692 catholicis
1338 1622 1426 1707 fore,
1442 1627 1479 1691 et
1497 1621 1729 1692 Academiam
1747 1621 1922 1692 celebran-

427 1745 527 1815 tibus
540 1745 680 1815 acriora
692 1745 903 1834 praebitura
915 1745 1152 1816 incitamenta
1165 1746 1212 1816 ad
1220 1751 1352 1833 coepta
1363 1744 1513 1835 optima,
1521 1744 1690 1815 uberiore
1699 1765 1783 1815 cum
1796 1745 1922 1831 fructu,

428 1870 691 1960 persequenda.
718 1869 827 1956 Quod
851 1870 984 1959 ipsum,
1000 1876 1042 1940 ut
1064 1870 1158 1940 bene
1181 1869 1291 1955 nosti,
1316 1873 1528 1958 spectarunt
1547 1867 1706 1939 Romani
1730 1869 1923 1940 Pontifices

428 1996 649 2066 Decessores
663 1995 786 2066 Nostri
802 1999 913 2085 atque
929 1995 1040 2066 etiam
1056 1994 1224 2066 catholici
1238 1994 1439 2083 Hispaniae
1451 1995 1581 2084 Regae,
1593 2016 1707 2084 quum
1722 1993 1924 2082 perillustre

428 2119 660 2190 Athenaeum
684 2126 844 2190 vestrum
861 2125 918 2190 tot
933 2121 1168 2212 cumularunt
1191 2119 1380 2191 beneficiis
1410 2141 1454 2190 ac
1475 2118 1692 2209 privilegiis,
1716 2125 1808 2208 quot
1831 2118 1923 2189 idem

429 2247 676 2317 condecorant
699 2266 839 2336 vosque
869 2245 983 2335 gratis
1006 2245 1139 2316 tenetis
1163 2244 1306 2316 animis.
1332 2245 1405 2317 Sed
1427 2244 1519 2316 illud
1544 2264 1693 2334 quoque
1724 2265 1925 2316 memorare

430 2375 585 2459 oportet,
609 2369 809 2440 sollertiam
827 2369 1085 2459 accipientium
1108 2370 1299 2457 beneficia,
1312 2369 1578 2441 conferentium
1603 2369 1852 2458 expectationi
1878 2391 1925 2439 re·

428 2494 633 2583 spondisse.
648 2493 848 2565 Manilense
873 2473 1055 2585 siquidem
1073 2495 1299 2581 Institutum,
1312 2517 1377 2584 per
1395 2493 1520 2564 varios
1546 2513 1655 2565 casus
1683 2494 1924 2582 fortunaeque

428 2618 724 2705 vicissitudines,
748 2640 793 2689 ea
816 2640 961 2708 semper
983 2619 1107 2690 floruit
1138 2619 1326 2691 doctrinae
1358 2617 1566 2708 integritate
1594 2623 1713 2707 atque
1728 2617 1925 2708 elegantia,

429 2753 471 2816 ut
493 2746 601 2834 longe
624 2745 771 2834 lateque
798 2744 872 2815 vim
897 2744 1084 2815 diffuderit
1106 2744 1272 2835 religioni
1288 2744 1414 2834 reique
1436 2742 1634 2814 litterariae
1657 2743 1870 2833 frugiferam
1887 2762 1927 2810 ae

428 2869 638 2939 salutarem.
655 2869 701 2940 ht
716 2891 755 2940 re
771 2869 921 2958 quidem
936 2890 1034 2955 vera,
1050 2871 1229 2940 memoria
1244 2875 1370 2940 vetera
1384 2866 1564 2957 repetenti
1580 2868 1793 2957 frequentes
1810 2887 1927 2938 occur-

429 2999 517 3064 runt
539 2993 714 3083 Religiosi
738 2992 815 3078 viri,
831 2992 967 3082 pietate
984 2993 1147 3082 insignes
1163 3014 1207 3064 ac
1222 2994 1399 3080 doctrina,
1414 3015 1509 3083 quos
1535 2994 1624 3064 olim
1648 2994 1747 3063 alma
1769 2993 1843 3063 ista
1860 2995 1929 3061 stu-

429 3117 574 3188 diorum
598 3118 705 3188 sedes
729 3123 794 3188 aut
817 3118 978 3189 excoluit
1000 3119 1182 3202 alumnos,
1195 3124 1260 3188 aut
1275 3120 1444 3190 doctores
1467 3119 1556 3189 fovit
1582 3118 1725 3208 sibique
1748 3116 1927 3200 adiunxit,

429 3240 579 3332 gloriosi
601 3242 740 3313 laboris
763 3248 964 3313 consortes.
990 3242 1157 3328 Quorum
1181 3243 1218 3312 in
1249 3263 1403 3313 numero
1427 3264 1546 3332 neque
1578 3243 1602 3313 ii
1635 3243 1770 3313 desunt
1795 3241 1859 3332 qui
1884 3241 1928 3310 ad

430 3365 675 3455 episcopalem
698 3367 986 3456 amplioremque
1010 3366 1224 3457 dignitatern
1250 3367 1386 3437 fuerint
1416 3367 1464 3437 ob
1492 3366 1622 3438 m'erita
1653 3365 1786 3452 evecti,
1810 3385 1942 3455 neque.

430 3489 500 3579 ipsi
525 3489 745 3561 christianae
769 3491 859 3580 legis
882 3512 1084 3579 praecones
1107 3490 1170 3580 qui
1194 3495 1235 3559 in
1258 3493 1476 3561 admirabile
1500 3494 1620 3560 tumn
1643 3491 1782 3560 Christi
1805 3497 1842 3560 et
1857 3510 1929 3560 una
1973 3548 1975 3554 .

429 3615 540 3685 simul
562 3614 610 3684 ad
634 3613 778 3685 civilem
794 3616 943 3685 cultum
960 3615 1141 3704 mitesque
1157 3637 1279 3686 mores
1295 3615 1507 3687 vocaverint
1530 3621 1567 3686 et
1588 3617 1783 3686 traducere
1808 3614 1929 3687 conati

430 3739 565 3808 fuerint
587 3760 692 3829 quos,
708 3739 897 3830 Evangelii
913 3739 994 3811 luce
1011 3741 1132 3810 adhuc
1149 3747 1328 3829 expertes,
1346 3739 1457 3812 Sinae
1481 3762 1524 3812 ac
1541 3739 1714 3830 laponiac
1739 3739 1930 3810 continent

430 3862 534 3948 fines,
557 3862 629 3933 lide
653 3864 834 3936 catholica
855 3839 956 3935 baud
971 3865 1084 3935 semel
1101 3871 1253 3936 cruento
1276 3866 1486 3936 testimonio
1510 3866 1734 3937 confirmata.
1747 3865 1805 3935 Ex
1830 3865 1929 3935 laicis

429 3989 540 4060 etiarn
564 3989 652 4060 viris
666 3991 726 4060 vix
749 4011 972 4080 quemquam
995 3991 1156 4078 reperies
1172 4012 1216 4061 ex
1234 3990 1453 4079 Philippiuis
1470 3991 1647 4076 doctriua,
1663 3991 1794 4082 gratia,
1811 3997 1929 4061 aucto·

428 4115 535 4186 ritate
559 4121 805 4205 praestantem
830 4116 894 4205 qui
918 4116 1158 4187 Manilensem
1181 4115 1466 4188 Universitatem
1494 4117 1710 4188 adolescens
1741 4117 1831 4186 olim
1857 4137 1929 4186 ron

431 4241 676 4312 celebraverit.
777 4322 779 4330 Ι

535 4366 617 4436 lure
641 4365 751 4456 igitur
774 4388 887 4455 penes
910 4388 978 4437 vos
1001 4365 1135 4437 civium
1161 4367 1323 4438 omnium
1350 4367 1511 4458 gestiunt
1534 4365 1648 4436 animi
1678 4366 1731 4436 rei
1762 4367 1929 4455 auspica-

429 4491 594 4562 tissimae
620 4491 834 4562 memoriam
857 4493 981 4563 studio
1005 4494 1174 4564 recolere.
1201 4493 1340 4564 Ceteris
1362 4515 1449 4563 vero
1473 4494 1581 4582 plane
1614 4492 1766 4563 addecet
1791 4491 1929 4562 anteire

432 4617 583 4687 Sodales
607 4615 895 4702 Dominicianos,
918 4614 1033 4708 quum
1057 4620 1104 4688 ab
1129 4618 1184 4704 iis,
1209 4639 1402 4706 supremae
1428 4617 1610 4688 voluntati
1637 4616 1929 4706 obsequentibus

431 4741 649 4831 perillustris
673 4741 811 4812 sodalis
834 4742 956 4812 fratris
980 4742 1167 4814 Michatlis
1191 4743 1235 4814 de
1260 4743 1480 4834 Bonavidea
1503 4741 1716 4813 Manilensis
1746 4739 1931 4830 Archiepi-

431 4866 544 4955 scopi,
558 4867 715 4953 Lyceum
739 4867 837 4937 istud
861 4873 983 4937 ortum
998 4869 1168 4939 habuerit
1184 4875 1221 4938 et
1236 4868 1464 4939 continenter
1487 4872 1629 4952 auctus,
1645 4888 1763 4957 usque
1780 4868 1874 4938 adeo
1890 4870 1930 4936 ut

432 4991 561 5062 merito
586 4991 825 5080 popularibus
848 4992 978 5062 vestris
1002 4994 1167 5064 sanctius
1190 4992 1238 5064 sit
1254 5014 1298 5062 ex
1330 4991 1518 5062 catholicis
1543 4991 1733 5062 institutis.
1749 5033 1767 5044 -
1786 4992 1870 5079 Qua
1892 4991 1929 5060 in
1979 5029 1985 5045 ·

431 5115 683 5186 recordatione
708 5116 904 5187 memoriae
928 5117 1035 5188 valde
1059 5119 1214 5188 velimus
1239 5119 1330 5190 illud
1353 5119 1392 5188 in
1419 5117 1546 5207 primis
1576 5121 1755 5188 vestrates
1777 5137 1867 5205 prae
1891 5136 1928 5186 se

432 5242 551 5311 ferant
573 5246 684 5329 atque
708 5241 862 5311 efferant
884 5243 984 5331 quod
1008 5241 1139 5313 iisdem
1162 5243 1334 5313 omuibus
1363 5244 1438 5313 alta
1469 5247 1590 5312 mente
1620 5241 1825 5330 repositum
1850 5261 1929 5310 esse

433 5339 557 5434 debet:
587 5370 809 5449 maternam,
841 5364 1019 5450 dicimuS,
1052 5364 1254 5435 catholicae
1284 5365 1469 5437 Ecclesiae
1501 5363 1792 5454 providentiam,
1825 5363 1930 5435 cuius

431 5487 606 5577 auspiciis
628 5489 699 5558 tria
723 5489 795 5559 iam
819 5490 968 5560 saecula
983 5488 1139 5560 Manilae
1157 5495 1258 5579 patet
1274 5490 1487 5561 Institutum
1505 5511 1550 5560 ex
1573 5510 1648 5579 quo
1662 5494 1765 5559 tanta
1790 5488 1930 5558 effluxit

432 5612 673 5683 humanitatis
697 5613 813 5701 copia,
837 5620 975 5703 quanta
998 5619 1158 5684 vestram
1182 5614 1355 5685 honestat
1379 5614 1572 5685 civitatem.
