4120 6284
646 297 678 354 S.
698 297 897 367 Conprepotto
919 297 1163 354 commortalis.
1619 290 1655 348 53

254 483 363 553 l'axit
387 485 489 554 Deus
512 490 551 554 ut
568 484 709 554 laudati
723 483 903 554 Athenaei
920 485 1043 569 decus,
1060 484 1181 552 fructu
1204 481 1452 570 exquisitioris
1468 481 1654 551 doctrinae

154 631 196 678 ac
220 609 438 697 disciplinae
461 609 640 693 arctioris,
665 609 781 699 magis
817 607 1005 699 magisque
1037 613 1232 698 augeatur;
1256 605 1319 676 liet
1347 607 1532 694 prolecto,
1555 605 1656 694 quod

153 733 392 804 vehementer
416 733 605 822 cupimus,
628 740 671 804 ut
693 734 867 805 iuventus
897 753 993 822 quae
1026 731 1116 802 inibi
1151 731 1189 801 in
1213 729 1396 800 Ecclesiae
1431 749 1474 800 ac
1497 726 1655 798 civitatis

153 879 255 946 spem
283 859 490 943 succrescit,
515 859 567 928 ita
589 859 803 930 instituatur
825 865 877 942 ut
893 878 1004 948 quam
1029 855 1175 945 utrique
1191 855 1351 926 concitat
1365 852 1655 943 expectationem

153 990 333 1072 perpetuo
357 984 540 1054 sustineat
563 1005 606 1055 ac
628 977 786 1054 tueatur.

259 1106 369 1193 Quod
393 1113 436 1178 ut
466 1129 486 1178 e
517 1107 700 1179 sententia
731 1108 855 1192 cedat,
879 1107 962 1192 tibi,
987 1106 1117 1176 dilecte
1144 1104 1214 1190 lili,
1238 1103 1433 1194 Religiosis
1458 1100 1655 1173 Sodalibus

155 1233 252 1318 tuis,
276 1253 436 1321 quorum
460 1233 606 1304 elucent
629 1233 816 1303 studiant
839 1233 1049 1320 opinionem
1080 1228 1252 1300 lnstituto
1287 1226 1481 1299 concilient
1508 1227 1547 1296 in
1577 1225 1656 1296 dies

156 1359 353 1441 maiorem,
378 1358 553 1428 coelestia
576 1379 731 1428 munera
754 1359 1015 1446 adprecanteS,
1040 1376 1206 1426 necnon
1237 1353 1366 1424 ceteris
1396 1351 1569 1422 omnibus
1592 1349 1656 1440 qui
1784 1335 1787 1342 ’

154 1483 379 1572 apparandis
403 1484 657 1555 saecularibus
673 1482 914 1555 sollemnibus
930 1483 1019 1553 dant
1036 1501 1199 1569 operam,
1217 1477 1392 1567 omnique
1408 1478 1557 1547 demum
1573 1474 1657 1544 Uni·

135 1606 328 1702 'versitati
353 1607 606 1697 Apostolicam
633 1607 934 1680 Benedictionem
958 1606 1086 1678 libenti
1111 1605 1236 1676 animo
1261 1602 1501 1692 impertimus.

255 1731 394 1802 Datum
420 1733 563 1803 Romae
585 1725 685 1822 apud
698 1733 733 1804 S.
752 1733 911 1817 Petrum,
924 1732 982 1802 die
998 1751 1060 1800 xvr
1079 1728 1249 1801 Octobris
1272 1747 1400 1810 noum,
1418 1723 1657 1795 Pontificatus

155 1856 274 1925 Nostri
298 1877 401 1927 anno
427 1879 541 1928 nono.

773 1981 883 2052 PIUS
908 1981 977 2051 ΡΡ.
1002 1980 1046 2049 X.

756 2195 1059 2216 ———·v-

340 2516 535 2650 Slthl
578 2515 971 2646 contabulato
1013 2513 1471 2644 CONSISTORlllLlS

655 2941 881 3013 PROVISlO
911 2940 1258 3012 ECCLESIARUM.

259 3103 493 3174 Successivis
518 3103 554 3173 S.
579 3101 881 3193 Congregationis
906 3099 1181 3173 Consistorialis
1208 3100 1364 3170 decretis
1389 3097 1527 3170 SSmus
1551 3099 1594 3168 D.
1618 3099 1660 3169 N.

157 3227 245 3298 Pius
271 3227 345 3296 ΡΡ.
369 3226 404 3296 Χ
427 3227 497 3296 has
520 3247 615 3316 quae
638 3233 845 3316 sequuntur
868 3225 1043 3296 ecclesias
1067 3225 1112 3296 de
1144 3223 1293 3313 proprio
1321 3229 1469 3312 pastore
1491 3223 1661 3312 providit,

158 3350 322 3422 seilicet:

262 3483 287 3546 3
309 3481 482 3546 ianuarii
506 3483 603 3547 1912.
629 3517 671 3528 -
695 3475 850 3547 Titulari
867 3475 1042 3547 ecclesiae
1059 3473 1257 3563 episcopali
1274 3473 1473 3543 Thebanae
1489 3471 1664 3561 praefecit

161 3603 297 3672 Rmum
316 3601 548 3672 Vincentium
570 3601 706 3686 Pisani,
722 3600 793 3671 iam
817 3600 1041 3689 Episcopum
1064 3599 1339 3689 Anglonensem
1358 3603 1394 3667 et
1414 3596 1662 3667 Trusiensem.

267 3729 484 3796 §tanaceti
507 3730 605 3795 1912.
631 3765 675 3776 -
699 3724 981 3796 cathedralibus
1013 3723 1176 3795 ecclesiis
1208 3721 1424 3810 Melphiensi
1459 3724 1495 3791 et
1530 3720 1664 3808 Rapol-

163 3850 258 3920 lensi
281 3871 355 3920 sac.
380 3851 570 3920 Albertum
588 3850 709 3934 Costa,
726 3849 906 3920 dioecesis
930 3849 1042 3939 Burgi
1068 3850 1104 3919 S.
1117 3847 1303 3932 Domnini‚
1327 3847 1462 3917 ibidem
1486 3844 1662 3916 vicarium

162 3977 371 4066 generalem
397 3981 433 4046 et
455 3976 675 4046 canonicum
698 3973 874 4045 ecclesiae
898 3974 1129 4046 cathedralis.

268 4106 291 4169 9
316 4103 488 4169 ianuarii
518 4104 616 4169 1912.
652 4139 696 4148 —
731 4099 884 4169 Titulari
919 4097 1094 4169 ecclesiae
1130 4095 1432 4185 archiepiscopali
1455 4095 1665 4164 Edessenae

164 4229 301 4296 Rmum
327 4225 506 4295 Thomam
531 4224 638 4294 Pium
663 4224 853 4314 Boggiani,
876 4224 1056 4320 hactenus
1080 4222 1302 4311 Episcopum
1327 4219 1553 4290 Adriensem.

269 4391 315 4400 -
338 4347 490 4419 Titulari
515 4347 690 4418 ecclesiae
714 4346 1015 4435 archiepiscopali
1040 4344 1289 4416 Anazarbensi
1314 4343 1448 4413 Rmum
1471 4341 1665 4412 Claudium

164 4444 366 4565 losephum
392 4474 595 4545 Gonzalves
620 4474 742 4543 Ponce
763 4472 808 4542 de
832 4473 939 4556 Ledo,
961 4471 1142 4541 hactenus
1158 4467 1484 4557 Archiepiscopum
1510 4467 1667 4538 Portale·

165 4623 334 4692 grensem
363 4601 401 4670 in
425 4599 593 4670 Brasilia.

254 4727 656 4795 remunerarem-
674 4723 974 4810 Metropolitanae
992 4720 1167 4791 ecclesiae
1185 4719 1393 4790 Senonensi
1410 4718 1542 4788 Rmum
1562 4717 1668 4787 loan-

166 4874 250 4923 nem
264 4851 446 4922 Victorem
461 4848 657 4919 Aemilium
672 4847 915 4937 Chesnelong‚
927 4846 1107 4917 hactenus
1119 4845 1345 4934 Episcopum
1360 4841 1666 4913 Valentinensem.

269 4984 314 5046 15
336 4977 510 5044 meconi
533 4979 631 5043 1912.
656 5013 700 5022 -
732 4969 886 5041 Titulari
917 4970 1092 5041 ecclesiae
1126 4967 1325 5058 episcopali
1354 4967 1571 5037 Thermensi
1595 4986 1667 5036 sac.

168 5104 364 5193 losephum
382 5101 557 5185 Metreau
573 5098 732 5170 civitatis
746 5097 1031 5187 BurdigalensiS,
1044 5097 1168 5185 ibique
1184 5093 1539 5183 archipresbyterum
1557 5093 1668 5162 eccle-

168 5229 241 5298 siae
276 5227 312 5298 S.
338 5223 530 5296 Michaelis
564 5221 795 5313 Archangeli,
827 5242 936 5310 quem
973 5219 1139 5291 costituit
1170 5219 1394 5290 Auxiliarem
1419 5216 1504 5287 Rmi
1535 5217 1667 5286 Renati

168 5351 347 5424 Francisci
372 5351 520 5433 Renou,
536 5347 810 5436 Archiepiscopi
835 5345 1073 5416 Turonensis.
