4120 6284
400 438 436 496 28
706 443 783 498 Acta
801 443 991 512 Apostoltcoc
1011 441 1107 499 Sedis.
1129 477 1144 486 -
1166 444 1426 500 Commentarium
1447 443 1588 512 officiolo.

397 633 529 716 quarta
552 627 670 697 Martii
706 648 804 697 anno
830 629 916 697 1875
940 649 960 698 e
986 628 1060 698 vita
1095 628 1273 718 migravit.
1303 628 1436 717 Opinio
1461 629 1668 700 sanctitatis
1693 651 1803 719 qnam
1833 630 1896 700 Dei

398 751 574 822 Famulus
597 752 726 823 vivens
749 753 819 822 sibi
844 753 1000 842 adeptus
1024 754 1153 837 fuerat,
1167 761 1251 842 post
1274 754 1415 824 obitum
1442 753 1558 844 magis
1581 753 1620 823 in
1643 754 1722 825 dies
1745 754 1899 824 illustris

397 897 440 946 ac
463 877 599 946 diffusa
629 876 788 948 emicuit.
813 877 909 948 Hine
933 877 969 946 in
994 878 1245 950 ecclesiastica
1267 879 1379 950 Curia
1401 877 1610 949 auximana
1640 877 1900 968 inquisitiones

398 1000 615 1073 Ordinariae
639 1024 751 1091 super
774 1001 955 1073 eiusmodi
986 1005 1086 1072 fama
1109 1003 1303 1074 inchoatae
1327 1010 1438 1093 atque
1469 1002 1646 1091 expletae,
1670 1004 1826 1073 Romam
1851 1005 1898 1073 ad

398 1126 594 1196 Sacrorum
626 1126 777 1196 Rituum
811 1126 1141 1216 Congregationem
1178 1128 1418 1198 transmissae
1453 1131 1551 1199 sunt.
1588 1128 1741 1198 Peracta
1774 1134 1897 1198 autern

396 1251 577 1322 revisione
602 1251 819 1340 scriptorum
838 1251 941 1322 Servi
958 1252 1036 1337 Dei,
1062 1252 1297 1341 obtentisque
1318 1253 1462 1340 alapsu
1479 1252 1648 1322 decennii
1671 1258 1707 1322 et
1723 1254 1769 1323 ab
1789 1253 1897 1322 inter-

396 1382 508 1446 ventu
521 1397 564 1446 ac
577 1382 663 1446 voto
677 1376 937 1447 Consultorum
949 1377 1172 1465 Apostoliois
1184 1377 1533 1466 dispensationibus
1542 1398 1656 1465 quum
1673 1376 1766 1445 nibil
1779 1378 1900 1446 obsta·

395 1506 449 1570 ret
472 1501 672 1590 quominus
693 1503 740 1570 ad
763 1501 937 1571 ulteriora
960 1501 1108 1590 procedi
1134 1507 1270 1590 posset,
1290 1502 1452 1572 instante
1477 1503 1571 1571 Rmo
1596 1501 1679 1571 Dno
1703 1500 1897 1571 Dominico

394 1626 538 1714 Jaquet,
563 1626 849 1715 Archiepiscopo
884 1627 937 1696 tit.
964 1626 1172 1697 Salaminae
1207 1632 1318 1716 atque
1344 1626 1496 1697 Ordinis
1524 1628 1704 1696 Minorum
1730 1627 1897 1695 Conven-

391 1750 546 1820 tualiun
573 1751 806 1821 Postulatore
831 1750 1011 1834 Generali,
1035 1751 1259 1840 attentisque
1290 1751 1421 1821 litteris
1453 1750 1706 1839 postulatoriis
1738 1770 1897 1839 quorun-

392 1875 477 1944 dam
513 1876 686 1946 unorum
720 1876 755 1946 S.
784 1877 822 1945 R.
848 1877 886 1946 ll.
912 1876 1182 1961 Cardinalium,
1208 1877 1451 1965 complurium
1485 1877 1664 1946 anorum
1697 1876 1894 1946 Sacrorum

393 2000 608 2070 Antistitum
632 2022 676 2071 ac
693 2001 991 2090 praepositorum
1017 2000 1196 2072 Ordinum
1223 2003 1471 2091 Regularinm,
1488 2003 1603 2072 Emus
1627 2008 1664 2072 et
1688 2002 1804 2071 Rmus
1828 2001 1897 2069 Do·

395 2124 516 2193 minus
551 2125 733 2212 loseplrns
758 2125 1012 2196 Calasanctius
1037 2125 1243 2196 Cardinalis
1267 2126 1377 2196 Vives
1412 2149 1434 2212 y
1466 2126 1728 2212 Tuto„buius
1753 2125 1896 2194 Causae

394 2249 540 2318 Ponens
563 2269 629 2320 seu
657 2250 813 2334 Relator,
829 2250 867 2319 in
885 2249 1089 2320 Ordinariis
1115 2251 1311 2321 Sacrorum
1330 2251 1481 2320 Ritunm
1507 2250 1815 2340 Congregationis
1832 2251 1897 2319 Co·

393 2373 505 2443 mitiis
528 2373 745 2463 subsignata
767 2374 826 2444 die
850 2375 897 2444 ad
921 2374 1135 2444 Vaticanum
1163 2376 1393 2458 coadunatis
1415 2397 1575 2464 sequens
1598 2375 1753 2444 dubium
1778 2374 1896 2444 discu-

392 2498 557 2567 tiendum
582 2499 789 2586 proposuit:
815 2499 872 2567 Aa
890 2503 937 2568 sil
953 2503 1137 2586 siquando
1166 2501 1371 2570 Commissio
1389 2501 1667 2570 Introducttom's
1692 2499 1831 2568 Concae
1855 2502 1897 2566 in

392 2645 481 2690 cosa
503 2627 534 2690 et
558 2625 608 2690 od
630 2627 789 2710 effectam
811 2626 854 2691 dc
877 2646 946 2710 qao
969 2627 1121 2710 opiter?
1145 2625 1191 2694 Et
1214 2625 1295 2694 Emi
1320 2646 1361 2694 ac
1386 2625 1469 2694 Rmi
1495 2625 1623 2694 Patres
1649 2623 1770 2694 Sacris
1794 2628 1897 2692 tuen·

393 2746 450 2815 dis
468 2746 614 2818 Ritibus
638 2748 847 2836 praepositi,
865 2754 949 2836 post
964 2747 1179 2818 relationem
1204 2749 1320 2836 ipsius
1337 2749 1417 2818 Enni
1436 2749 1624 2830 Ponentis,
1641 2748 1768 2818 audito
1785 2747 1895 2817 etiam

393 2892 482 2941 voce
498 2892 541 2942 ae
557 2872 693 2961 scripto
711 2873 752 2941 R.
768 2873 805 2942 P.
820 2873 861 2942 D.
877 2873 1084 2943 Alexandro
1102 2874 1230 2958 Verde,
1248 2874 1405 2944 Sanctae
1422 2874 1524 2944 l'idei
1543 2875 1766 2955 Promotore,
1783 2871 1897 2940 omni-

393 2997 463 3065 bus
487 2997 616 3066 sedulo
641 2997 841 3084 perpensis,
855 2997 1130 3067 rescribendum
1154 3005 1394 3068 censuerunt:
1420 2999 1639 3083 Affirmolioc
1660 3019 1724 3066 aaa
1745 3001 1896 3082 εἰρηαιι-

392 3123 480 3188 dom
501 3142 575 3190 esce
599 3123 896 3204 Commissionem,
912 3127 946 3190 si
961 3123 1196 3191 Sanctissimo
1215 3125 1406 3208 placuerit.
1432 3123 1498 3192 Die
1515 3124 1536 3192 ὁ
1553 3119 1779 3210 Septembris
1797 3121 1893 3188 1911.

497 3245 610 3316 Facta
633 3245 870 3334 postmodum
896 3246 940 3315 de
963 3245 1022 3315 his
1040 3245 1282 3316 Sanctissimo
1299 3246 1457 3317 Domino
1484 3248 1617 3317 Nostro
1635 3246 1701 3315 Pio
1722 3245 1894 3334 Papan

393 3391 458 3458 per
482 3369 753 3457 infrascriptum
772 3369 1002 3440 Cardinalem
1030 3370 1163 3440 Sacrae
1180 3371 1331 3440 Rituum
1358 3371 1641 3462 congregationi
1666 3370 1892 3440 Praefectum

395 3493 581 3576 relatione,
602 3493 788 3564 Sanctitas
805 3493 881 3564 Sua
898 3493 1129 3582 Rescriptum
1156 3495 1289 3566 Sacrae
1313 3495 1431 3583 ipsius
1452 3494 1756 3585 Congrcgationis
1772 3500 1892 3563 ratum

393 3619 523 3690 habuit
546 3640 589 3690 ao
613 3619 794 3707 probavit,
818 3619 1001 3707 simulque
1033 3619 1180 3707 propria
1212 3641 1325 3689 manu
1357 3619 1502 3710 signare
1534 3619 1685 3710 dignata
1711 3623 1768 3688 est
1792 3618 1899 3699 Corn,

394 3741 606 3812 missionem
640 3741 927 3812 Introductionis
953 3741 1095 3810 Causae
1128 3741 1416 3812 Beatilicationis
1447 3747 1483 3811 et
1508 3740 1807 3812 Canonizationis
1832 3741 1896 3810 Ve-

393 3865 567 3935 nerabilis
592 3866 695 3937 Servi
712 3866 777 3936 Dei
797 3865 1004 3936 Benvenuti
1030 3866 1238 3950 Bambozzi,
1254 3867 1457 3936 sacerdotis
1481 3866 1636 3954 prolessi
1662 3864 1811 3935 Ordinis
1837 3865 1897 3934 lli-

393 4011 526 4059 norum
551 3990 869 4075 Conventualium,
893 3991 952 4061 die
976 3993 1007 4073 6,
1032 3991 1170 4062 eisdem
1196 4013 1321 4062 mense
1345 3997 1381 4061 et
1405 4012 1513 4061 anno.

760 4241 822 4310 m.
849 4241 885 4310 S.
910 4241 1023 4312 Cano.
1049 4243 1288 4326 Mnsrrnrnnr,
1312 4242 1531 4326 Praefectus.

501 4348 649 4436 ems,

773 4458 798 4544 †
822 4456 953 4524 Petrus
978 4455 1028 4524 La
1045 4453 1235 4538 Fontaine,
1260 4453 1380 4542 Episc.
1399 4453 1639 4556 Charystien,
1663 4455 1895 4523 Secretorias.
