4120 6284
367 381 406 440 ὅ)
690 387 767 442 Actu
785 387 975 456 Apostolicaa
993 387 1090 442 Sectis.
1110 415 1128 428 -
1149 387 1408 444 commentorium
1429 388 1569 455 officiolo.

472 570 736 656 Supprtmotur
759 572 890 640 attieno
920 572 1079 640 Robrica
1116 570 1154 640 Si
1185 571 1335 640 Festum
1366 576 1426 642 etc.
1457 593 1570 660 caque
1600 573 1651 640 od
1681 574 1808 658 finem,
1832 574 1863 639 et

364 679 528 759 ponatur
549 698 716 763 sequena:

474 782 573 851 Infra
591 781 768 852 Octavam
785 782 917 853 dicitur
933 783 1045 854 Missa
1059 790 1102 854 ut
1117 785 1156 852 in
1172 785 1298 854 Festo:
1316 789 1400 873 post
1414 783 1627 854 Orationem
1644 784 1716 853 diei
1733 783 1865 853 dicitur

369 887 534 956 secunda
558 887 685 958 Oratio
711 890 862 958 Concede
884 912 960 974 nos,
977 891 1084 960 tertia
1107 894 1284 960 Ecclesiae
1307 890 1365 960 vel
1387 892 1485 960 Dece
1507 895 1666 960 omnium
1691 893 1863 976 fidelium.

474 992 517 1062 In
548 994 606 1063 die
639 995 779 1066 Octava
809 995 941 1066 dicitur
972 997 1084 1066 Missa
1115 997 1159 1066 de
1191 996 1385 1067 Dominiea
1415 997 1472 1066 IV.
1496 1002 1581 1085 post
1612 998 1770 1083 Pascha,
1794 997 1865 1066 nisi

370 1105 538 1170 occurrat
561 1101 710 1171 Festum
735 1102 893 1188 Domini,
917 1110 982 1172 aut
1005 1102 1149 1191 Duplex
1173 1103 1199 1172 Ι.
1224 1109 1288 1172 aut
1312 1103 1356 1173 ΙΙ.
1382 1103 1522 1189 classic,
1534 1125 1623 1186 ¹cum
1647 1123 1866 1174 commemo-

370 1206 512 1277 ratione
537 1207 708 1294 Octavae,
732 1215 773 1279 ut
797 1209 835 1279 in
858 1210 978 1280 Festa.

332 1419 336 1424 ’
473 1422 556 1490 Post
579 1425 673 1491 diem
695 1429 739 1492 21
762 1426 872 1492 Jeme·
893 1427 1079 1511 sequentia
1101 1427 1329 1492 interantur:

809 1607 977 1690 Sensuro
1001 1641 1093 1691 auru
1117 1621 1214 1690 Dou.
1242 1621 1299 1690 IV.
1325 1621 1433 1690 Juuu.

473 1764 543 1830 Hic
565 1765 751 1830 inseratur
773 1764 900 1848 Misso,
924 1784 1017 1849 quae
1039 1764 1188 1831 habetur
1209 1765 1267 1830 die
1289 1767 1335 1832 23
1356 1765 1475 1847 June'c',
1494 1765 1525 1830 et
1548 1765 1590 1830 in
1612 1763 1682 1848 fine
1706 1764 1868 1831 addatur

369 1867 455 1936 hoco
478 1869 654 1937 Robrica:

475 1974 513 2043 Si
537 1975 628 2045 haec
652 1975 781 2064 Vigilia
805 1981 972 2046 occurrat
995 1975 1124 2046 eadem
1148 1975 1206 2045 die
1230 1995 1314 2044 cum
1331 1974 1462 2063 Vigilia
1486 1973 1686 2063 anticipata
1703 1973 1758 2044 Sa.
1776 1974 1870 2063 Apo·

369 2082 548 2152 stolorum
572 2083 670 2152 Petri
693 2089 730 2153 et
753 2083 870 2167 Pauli,
894 2083 1026 2153 dicitur
1049 2083 1162 2153 Missa
1185 2088 1227 2152 ut
1251 2105 1363 2172 supra
1380 2104 1477 2152 cum
1510 2083 1673 2153 secunda
1700 2082 1867 2152 oratione

369 2207 415 2256 ex
446 2187 557 2257 Missa
584 2188 737 2277 Vigiliae
775 2189 830 2258 Sa.
856 2188 1118 2276 Apostolorum
1151 2193 1188 2258 et
1218 2188 1327 2258 tertia
1354 2188 1400 2258 da
1436 2187 1471 2258 S.
1496 2188 1627 2272 Maria3
1659 2188 1761 2258 etin
1795 2187 1867 2258 fine

370 2293 502 2364 Missae
527 2295 659 2364 dicitur
682 2295 819 2385 Evang.
845 2295 879 2365 S.
906 2296 1077 2365 loannis:
1100 2297 1147 2363 In
1164 2298 1359 2382 principio.

919 2525 1102 2594 Domator
1129 2525 1186 2594 IV.
1211 2526 1322 2595 tuan.

733 2650 772 2719 lu
798 2649 1022 2718 Narrvrrrra
1052 2650 1086 2718 S.
1112 2649 1264 2718 loturus
1288 2649 1507 2719 Barrrsran.

474 2832 543 2898 Hic
559 2833 723 2914 ponatur
745 2831 872 2913 Missa,
896 2849 988 2915 quoe
1012 2829 1161 2898 habetur
1184 2831 1242 2896 die
1264 2835 1309 2898 24
1331 2831 1450 2898 Junci.

474 2937 556 3004 Post
571 2939 783 3020 Orationem,
796 2938 916 3022 etpost
932 2936 1109 3004 Socratem
1125 2937 1302 3004 adeatur:
1318 2935 1364 3004 Et
1378 2934 1420 3003 fit
1435 2934 1735 3005 commemoratio
1747 2934 1869 3004 Domi-

370 3041 474 3111 nicae
499 3042 732 3112 occurrentis

473 3149 556 3217 Post
578 3151 815 3235 Evoepele‘cm
837 3151 1016 3217 addatur:
1040 3147 1181 3218 Dicitur
1206 3148 1323 3217 Credo
1348 3147 1488 3217 ratione
1513 3147 1736 3217 Dominicae.

474 3256 556 3324 Post
582 3255 942 3334 Pootcommantonem
972 3257 1149 3323 addatur:
1172 3254 1217 3323 Et
1248 3254 1290 3322 fit
1320 3255 1621 3324 commemoratio
1651 3254 1866 3325 Dominicae

369 3361 595 3431 occurrentis
619 3366 655 3430 et
677 3359 808 3449 legitur
832 3362 913 3450 ejus
936 3360 1175 3450 Evangelium
1200 3361 1238 3429 in
1262 3361 1334 3430 fine
1359 3360 1502 3431 Missae.

473 3468 677 3554 Suppreaao
699 3470 831 3535 ultimo
853 3469 1021 3552 Robrica,
1045 3470 1225 3536 addatur:
1257 3467 1355 3536 lnlra
1388 3467 1564 3538 Octavam
1598 3467 1730 3537 dicitur
1754 3467 1869 3537 Missa

371 3573 480 3643 utin
511 3573 620 3643 llesto
652 3593 734 3642 cum
766 3573 930 3643 secunda
963 3573 1136 3644 Oratione
1170 3574 1338 3657 (termedo,
1368 3573 1477 3643 tertia
1506 3576 1682 3643 Ecclesiae
1711 3574 1768 3643 vel
1799 3594 1867 3661 pro

371 3682 486 3768 Papa;
511 3686 547 3751 et
574 3702 650 3749 non
678 3679 811 3750 dicitur
836 3679 964 3765 Credo,
988 3679 1059 3750 nisi
1093 3681 1131 3749 in
1160 3680 1324 3751 Ecclesia
1352 3680 1512 3769 propria,
1536 3681 1595 3750 vel
1623 3680 1694 3749 nisi
1725 3681 1868 3751 venerit

370 3787 467 3856 infra
492 3786 570 3857 Oct.
596 3787 650 3856 Se.
675 3787 937 3874 Apostolorum
962 3787 1059 3857 Petri
1083 3793 1120 3856 et
1144 3787 1259 3856 Pauli.

476 3894 513 3964 Si
538 3894 617 3965 dies
642 3893 782 3964 Octava
810 3894 951 3964 venerit
978 3894 1016 3963 in
1045 3895 1155 3964 Festo
1185 3895 1240 3964 Ss.
1266 3894 1528 3983 Apostolorum
1556 3893 1653 3964 Petri
1682 3897 1719 3963 et
1750 3894 1868 3980 Pauli,

369 4001 461 4070 nihil
484 4001 526 4070 fit
549 4001 594 4070 de
619 4000 768 4071 Octava.
794 4001 832 4070 Si
857 4005 981 4070 autem
1006 4001 1205 4071 occurrerit
1228 4001 1286 4070 die
1317 4001 1362 4069 30
1388 4000 1498 4084 lunii,
1523 4000 1634 4069 Missa
1662 3999 1796 4070 dicitur
1819 4001 1866 4071 de

372 4108 573 4192 Dominiea,
597 4128 681 4177 curn
705 4107 1053 4177 commemoratione
1070 4107 1141 4177 diei
1160 4107 1339 4193 Octavae;
1361 4107 1493 4177 deinde
1509 4106 1550 4175 fit
1567 4109 1868 4177 commemoratio

369 4222 448 4284 tum
474 4216 509 4284 S.
532 4215 635 4284 Pauli
659 4214 726 4301 Ap.
750 4219 828 4284 turn
854 4213 889 4284 S.
908 4213 1004 4284 Petri
1028 4214 1095 4302 Ap.
1121 4214 1159 4283 Si
1184 4235 1269 4284 vero
1294 4214 1492 4284 occurrerit
1515 4212 1709 4283 Dominiea
1725 4214 1751 4283 l.
1769 4215 1868 4300 Julii,

370 4322 482 4392 Missa
505 4320 638 4390 dicitur
662 4323 706 4390 de
731 4321 1001 4390 Pretiosissimo
1027 4320 1213 4411 Sanguine
1246 4320 1287 4391 D.
1313 4322 1354 4391 N.
1380 4322 1412 4402 J.
1437 4320 1475 4391 C.
1499 4321 1558 4389 vel
1581 4320 1626 4390 de
1648 4320 1868 4392 visitatione

371 4430 410 4498 B.
436 4430 481 4499 M.
503 4429 556 4512 V..
575 4428 682 4518 juxta
705 4427 895 4513 RubricaS,
919 4449 1000 4497 cum
1027 4448 1119 4497 com.
1143 4428 1248 4497 Dom.
1273 4433 1309 4498 et
1334 4428 1492 4498 Octavae
1518 4428 1552 4497 S.
1578 4425 1743 4497 loannis

476 4643 606 4709 Omnia
628 4661 720 4727 quae
742 4641 917 4708 habentur
939 4643 982 4708 in
1004 4641 1151 4708 Messall
1174 4642 1296 4710 diebus
1318 4645 1364 4709 23
1386 4643 1416 4707 et
1439 4645 1485 4708 24
1503 4641 1614 4707 Junit
1635 4644 1870 4725 supprantare

370 4753 431 4818 tur
453 4752 607 4817 omnino.

984 4889 1054 4958 Dm
1078 4891 1122 4958 ab
1147 4890 1256 4958 Jomr.

473 5054 734 5139 Supprtmotur
756 5053 914 5120 Robrica
937 5055 973 5120 et
996 5049 1037 5118 fit
1061 5071 1153 5119 com.
1180 5049 1257 5120 Oct.
1282 5053 1340 5120 etc.

988 5247 1054 5314 Dm
1079 5246 1123 5316 26
1146 5246 1255 5315 Juuu.

474 5408 761 5492 Supprtmontur
782 5409 961 5476 Rubrtcoe
983 5409 1208 5492 respicientes
1231 5427 1313 5474 com.
1341 5407 1409 5474 Oct.
1434 5407 1469 5474 S.
1494 5408 1663 5474 Joacnta.
