4038 6274
654 468 686 524 S.
709 467 909 538 Gouprepatto
927 468 1066 523 Ritrmm.
1560 462 1613 522 145

489 922 533 1050 S.
570 919 964 1050 contulerint
1006 917 1237 1048 ltlTUUM

703 1337 1022 1472 uuonnrun

154 1585 490 1635 druxrnu'rn'rlortts
513 1585 750 1636 RUBRIGARUM
773 1585 822 1634 An
845 1585 1001 1635 noxum
1025 1585 1166 1635 BULLAD
1192 1593 1209 1628 tt
1226 1584 1353 1650 nlvnto
1377 1585 1538 1635 ΑΡΜΑΤΙ]
1555 1593 1585 1634 ».

203 1779 381 1870 Dnrlgato
406 1800 503 1850 novo
527 1779 717 1865 Psalterio,
739 1779 921 1868 novisque
945 1778 1106 1850 'fabellis
1123 1777 1383 1850 Occurrentiae
1400 1786 1436 1849 et
1454 1781 1614 1851 Concur-

134 1904 251 1974 rentiae
275 1905 481 1989 festorum,
501 1925 577 1975 non
600 1925 676 1974 una
699 1904 739 1974 in
761 1903 867 1993 praxi
887 1904 955 1975 fuit
979 1903 1232 1993 interpretatio
1249 1904 1503 1990 Rubricatum,
1520 1926 1613 1995 quas

134 2027 170 2096 od
180 2049 344 2099 normam
363 2029 492 2100 Bullee
518 2057 536 2093 «
551 2032 683 2099 Divino
697 2033 825 2115 afflato
838 2057 857 2092 »
883 2027 1103 2100 Commissio
1120 2029 1313 2100 Pontificio
1329 2029 1377 2099 ad
1392 2029 1430 2099 id
1445 2029 1615 2100 institute

134 2152 279 2238 confecit,
309 2159 353 2223 ut
378 2154 502 2224 videre
527 2153 644 2224 estin
672 2153 828 2224 diversis
860 2153 1088 2224 Calendariis
1118 2174 1185 2242 pro
1214 2152 1372 2224 currenti
1404 2155 1613 2224 nnn01912

133 2275 257 2346 noviter
278 2277 447 2348 redactis.

205 2400 262 2471 Ad
285 2401 400 2472 dubia
423 2422 509 2492 ergo
524 2401 563 2472 in
578 2407 769 2491 posterum
784 2405 1049 2490 praecavenda,
1068 2403 1180 2474 Sacra
1198 2403 1351 2473 Rituum
1370 2402 1613 2494 Congregatio

132 2523 400 2612 adpetitionem
424 2527 590 2596 eiusdem
615 2525 897 2597 Commissionis
924 2527 1145 2613 pontificiae,
1177 2528 1354 2598 referente
1381 2527 1613 2617 infrascripto

131 2646 331 2736 secretario,
356 2651 487 2721 statuit
508 2656 546 2721 et
569 2650 743 2722 decrevit:

204 2773 230 2843 l.
256 2775 418 2846 Rubrice
440 2776 485 2846 de
511 2775 692 2865 Suffragio
718 2775 949 2860 Sanctorum,
969 2795 1065 2864 quae
1089 2775 1127 2845 in
1143 2774 1340 2847 Ordinario
1357 2774 1479 2844 Divini
1496 2774 1614 2846 Officii

131 2897 168 2966 ad
189 2899 331 2970 Laudes
355 2907 392 2972 et
414 2900 596 2990 Vesperes
619 2879 788 2986 liabetur,
820 2900 1050 2986 interpretari
1073 2901 1183 2972 debet
1212 2901 1315 2972 iuxta
1339 2901 1408 2973 Tit.
1432 2901 1510 2986 VII',
1533 2902 1616 2972 nl

129 3041 294 3095 novarum
318 3025 575 3106 Rubricarum,
599 3030 637 3097 et
659 3026 707 3096 ed
729 3024 1007 3098 embirruitatem
1031 3026 1245 3111 tollendam,
1267 3027 1432 3115 praefata
1455 3026 1616 3096 Rubrice

127 3144 366 3237 inposterum
390 3151 443 3221 sic
467 3151 613 3222 edetur:

203 3275 392 3361 «Deinde,
417 3281 521 3346 extre
542 3280 690 3364 tempus
714 3276 956 3347 Ραεοὴαίο...
987 3281 1024 3345 et
1054 3275 1214 3347 exclusis
1245 3275 1386 3362 diebus,
1410 3277 1449 3346 in
1479 3277 1614 3367 quibus

127 3405 323 3470 «occurrat
346 3399 796 3490 quodcumqucofficium
820 3399 965 3489 Duplex
989 3404 1054 3470 eut
1077 3399 1172 3470 infra
1196 3400 1385 3498 Octavam,
1409 3407 1474 3472 aut
1497 3401 1617 3472 Domi·

128 3523 234 3594 «nice
269 3525 310 3595 in
344 3546 421 3614 qua
455 3530 763 3596 commemoretur
792 3525 935 3614 Duplex
964 3523 1252 3614 simplificatum,
1275 3526 1317 3596 fit
1339 3521 1500 3616 sequens
1535 3526 1617 3597 Suf-

128 3649 307 3740 ‹fragium
326 3677 358 3720 ›.

201 3775 245 3845 11.
270 3774 445 3864 Duplicia
467 3775 495 3846 Ι.
512 3781 549 3844 et
568 3776 613 3846 ΙΙ.
629 3776 760 3847 classis
784 3797 853 3847 sue
876 3776 934 3847 die
959 3776 1144 3865 impedita,
1161 3775 1265 3847 iuxta
1280 3775 1350 3847 Tit.
1368 3777 1420 3847 Ill
1436 3798 1614 3848 noverum

126 3895 354 3971 Rubricarum
381 3921 418 3971 n.
435 3901 467 3985 3,
489 3900 679 3970 transferri
702 3901 837 3971 debent
860 3901 899 3971 in
918 3901 1176 3989 proximiorem
1194 3900 1290 3971 diem
1306 3899 1457 3971 liberam
1480 3902 1527 3971 nb
1544 3901 1616 3972 alio
1661 3885 1664 3892 ⁴

19 4015 21 4110 ᾗ
126 4021 247 4111 duplici
274 4026 301 4096 Ι.
327 4025 387 4096 vel
412 4025 455 4096 ΙΙ.
489 4025 618 4096 classis
650 4029 687 4096 et
718 4025 766 4095 ab
799 4025 936 4097 Officiis
959 4024 1174 4097 huiusmodi
1197 4027 1293 4096 festa
1320 4027 1617 4112 excludentibus;

19 4143 21 4234 ξ
125 4149 301 4221 transferri
329 4156 456 4222 tamen
479 4157 556 4220 non
578 4136 738 4239 possunt
761 4151 798 4219 in
822 4149 1052 4220 Dominicam
1077 4151 1187 4220 etiem
1212 4151 1402 4239 minorem,
1427 4152 1529 4222 iuxta
1545 4153 1618 4222 ni

20 4333 21 4366 ,
125 4269 275 4344 eiusdem
303 4275 428 4345 Tituli.

201 4399 263 4471 llI.
290 4399 464 4489 Duplicia
489 4401 516 4470 1.
541 4406 577 4470 et
602 4400 647 4470 ll.
679 4399 809 4470 classis
841 4399 949 4470 certis
977 4399 1181 4470 Dominicis
1211 4401 1268 4470 vcl
1289 4401 1412 4490 [Feriis
1442 4401 1562 4487 affixa,
1585 4403 1616 4473 si

124 4529 287 4612 perpetuo
320 4524 581 4613 impediantur,
612 4525 717 4595 iuxta
747 4545 866 4595 novas
897 4523 1078 4595 Rubrices
1102 4525 1173 4594 Tit.
1198 4525 1255 4610 lV,
1283 4547 1321 4598 n.
1343 4525 1375 4610 D,
1406 4526 1618 4613 reponenda

125 4653 199 4715 sunt
221 4649 259 4718 in
283 4649 415 4720 feriam
440 4649 607 4738 proxime
631 4648 886 4738 insequentem
903 4669 969 4737 per
987 4648 1153 4738 singulos
1170 4669 1290 4718 annos
1312 4648 1464 4719 liberam
1482 4649 1528 4718 eb
1544 4649 1617 4719 alio

125 4767 253 4859 Duplici
278 4773 308 4845 Ι.
337 4774 399 4842 vel
424 4773 469 4843 ll.
493 4773 623 4843 classis
646 4777 712 4842 aut
735 4773 782 4842 ab
805 4772 929 4862 eliqua
954 4771 1013 4843 die
1039 4772 1190 4857 Octava,
1206 4773 1266 4843 vel
1289 4773 1336 4842 ab
1352 4772 1481 4844 officiis
1496 4773 1620 4844 huius·

125 4897 210 4967 nodi
231 4899 327 4970 festa
352 4898 646 4982 excludentibus,
669 4919 745 4968 non
771 4918 868 4983 vero,
892 4901 934 4967 ut
957 4902 1109 4968 censent
1130 4898 1299 4968 nonnulli
1324 4897 1555 4987 Liturgistae,
1578 4899 1617 4967 in

126 5019 263 5102 primam
282 5022 381 5094 diem
400 5026 443 5092 ut
459 5043 572 5112 supro
585 5021 750 5106 liberam,
761 5027 852 5110 post
867 5022 1048 5092 ambitum
1065 5021 1207 5091 dierum
1234 5022 1331 5091 infre
1344 5043 1440 5111 quos
1460 5022 1618 5092 incidere

125 5153 277 5228 possunt

203 5272 259 5344 IV.
284 5273 388 5344 Licet
408 5273 513 5342 iuxta
526 5293 660 5343 novam
681 5272 966 5343 Concurrentiae
983 5272 1184 5357 Tabellem,
1201 5272 1238 5340 in
1256 5293 1436 5343 concursu
1453 5272 1618 5362 Duplicis

128 5396 259 5468 maioris
283 5420 370 5469 cum
402 5397 476 5468 alio
508 5397 655 5485 Duplici
686 5396 830 5481 maiori,
854 5401 972 5466 totum
1005 5396 1083 5466 fieri
1111 5397 1221 5466 debet
1251 5396 1296 5466 de
1328 5395 1507 5466 Nobiliori
1534 5417 1615 5466 cum

128 5521 462 5594 commemoratione
487 5524 533 5593 de
557 5521 641 5606 alio,
665 5521 821 5610 ideoque
846 5520 997 5591 Festum
1015 5519 1163 5590 Domini
1181 5520 1315 5609 duplex
1340 5521 1459 5589 maius
1484 5520 1618 5589 Secun-
1664 5553 1666 5558 .
