4120 6284
358 409 394 468 38
659 413 736 467 Acta
759 411 949 480 apostolicae
967 409 1065 467 Sada.
1089 437 1107 452 -
1128 411 1388 466 demontorium
1408 411 1549 478 officiale.

359 595 530 684 capitulo,
554 547 630 666 sed¹
643 617 688 665 ex
712 616 755 666 co
779 596 880 685 quod
904 594 1059 666 ecclesia
1093 593 1285 684 collegiata
1307 595 1380 664 iam
1412 600 1491 665 erat
1513 595 1734 684 parochialis
1770 602 1855 666 ante

264 761 266 766 ,
359 719 580 791 erectionem
602 719 822 806 vicariatus;
845 719 909 809 qui
934 741 1009 789 non
1033 723 1122 789 sunt
1145 719 1291 789 termini
1315 720 1545 808 quaestionis
1567 726 1725 790 nostrae.

465 846 632 916 1c.1cem
667 866 744 915 non
779 865 845 934 pro
882 843 1064 934 Capitulo,
1092 845 1158 914 sed
1192 848 1319 914 contra
1354 844 1475 934 ipsum
1499 845 1633 933 probat
1656 844 1856 915 auctoritas

360 971 487 1055 Rotae,
511 969 549 1039 in
572 972 790 1040 Maecena
806 971 1045 1056 parochialis,
1066 971 1133 1053 cit,
1158 969 1263 1040 cuius
1287 969 1420 1040 iterum
1443 970 1687 1060 fragmentum
1711 975 1856 1040 tantum

277 1183 278 1188 Ἰ
359 1097 550 1167 adducunt
572 1096 724 1166 Patroni
749 1095 931 1184 Capituli;
964 1096 1056 1167 haec
1087 1097 1185 1166 enim
1209 1095 1322 1166 habet
1348 1097 1463 1166 Rota:
1496 1125 1514 1160 «
1532 1096 1632 1166 Licet
1661 1096 1786 1186 regula
1810 1095 1859 1165 sit

361 1250 379 1284 ⁴<
398 1221 434 1290 in
466 1221 621 1292 ecclesia
654 1220 846 1310 collegiata
880 1241 1006 1292 curam
1040 1221 1267 1291 habitualem
1303 1220 1462 1292 residere
1496 1211 1610 1310 penes
1645 1221 1857 1310 collegium.

362 1374 379 1407 «
398 1346 579 1416 actualem
614 1349 759 1414 tantum
793 1365 907 1433 penes
938 1344 1147 1415 vicarium...
1180 1351 1343 1415 attamen
1377 1368 1420 1414 ea
1450 1367 1542 1432 qaae
1572 1347 1777 1415 adraittitar
1805 1351 1858 1416 ael

360 1500 378 1534 «
397 1473 543 1557 qaando
576 1473 690 1539 datar
723 1474 885 1540 vicariam
922 1473 1128 1558 collegiatae
1161 1492 1289 1539 caram
1321 1472 1550 1554 interdicat
1578 1473 1723 1557 qaaado
1745 1473 1858 1540 cidem

361 1599 436 1684 «fil
458 1600 548 1666 arrio
568 1599 796 1681 parochialia
819 1617 900 1664 aran
922 1597 1086 1665 mandas
1108 1601 1188 1665 suis
1209 1597 1353 1665 iuribus
1374 1599 1406 1663 et
1428 1598 1636 1680 redditibus,
1655 1617 1729 1664 aaa
1744 1600 1859 1682 appli-

361 1749 378 1784 «
399 1725 536 1790 catur...
554 1748 584 1788 ».
1067 1751 1070 1756 ·

465 1846 516 1914 17.
541 1845 668 1933 quue
693 1845 816 1914 minus
839 1844 976 1914 relevat
1005 1845 1206 1914 auctoritas
1230 1843 1385 1928 Viviani,
1417 1846 1528 1914 Praa.
1559 1849 1720 1931 iariepr,
1749 1849 1784 1914 T.
1807 1847 1856 1928 II,

363 1971 448 2055 cap.
478 1971 553 2055 VH,
579 1969 599 2060 ἕ
622 1975 686 2039 31:
709 1990 795 2038 nam
818 1968 961 2039 nullum
987 1968 1140 2039 dubium
1168 1973 1225 2039 est
1252 1968 1425 2039 vicarium
1458 1968 1594 2040 habere
1625 1974 1769 2039 tantum
1797 1990 1859 2040 cu-

359 2115 437 2162 ram
465 2094 666 2174 actualem,
694 2093 725 2163 si
748 2098 867 2164 totum
891 2092 1103 2181 capitulum,
1129 2094 1280 2163 mandat
1314 2093 1528 2163 exercitium
1552 2113 1661 2164 curae
1692 2095 1778 2164 huic
1806 2092 1859 2162 vi-

361 2220 460 2292 cario
485 2222 532 2292 ad
555 2222 626 2292 hoc
641 2223 856 2310 approbato.
875 2220 950 2292 Sed
965 2241 1086 2310 neque
1109 2221 1169 2290 isti
1190 2225 1278 2291 sunt
1293 2220 1521 2310 quaestionis
1537 2227 1684 2292 nostrae
1701 2220 1858 2291 termini.

465 2347 517 2416 18.
542 2347 617 2418 Nec
651 2346 753 2416 iuvat
776 2346 946 2435 Capitulo
974 2365 1019 2415 ea
1049 2345 1301 2434 interpretatio
1336 2345 1515 2416 formulae
1539 2373 1558 2410 «
1575 2344 1634 2416 cui
1669 2345 1860 2417 immineat

361 2499 379 2533 «
399 2492 488 2540 cura
511 2471 718 2542 animarum
736 2499 754 2535 »
780 2473 892 2542 allata
915 2493 937 2541 a
961 2473 1039 2542 suis
1055 2471 1369 2542 Procuratoribus.
1394 2471 1485 2540 'l'am
1509 2469 1607 2541 enim
1627 2472 1724 2541 Rota
1747 2493 1857 2560 quam

361 2596 574 2666 canonistas
609 2617 690 2666 earn
727 2617 853 2667 curam
887 2596 1173 2686 interpretantur
1207 2596 1252 2666 de
1286 2594 1422 2667 actuali
1457 2617 1554 2681 cura,
1578 2617 1653 2666 non
1688 2617 1734 2666 ex
1756 2617 1861 2684 prae

360 2720 569 2808 sumptione
592 2722 693 2810 quod
716 2721 871 2792 ecclesia
894 2721 1096 2811 collegiata,
1124 2742 1168 2791 eo
1192 2721 1273 2810 ipso
1297 2721 1397 2810 quod
1420 2726 1476 2792 est
1500 2720 1701 2810 collegiata,
1723 2721 1861 2792 habeat

360 2864 485 2914 curam
519 2845 757 2930 habitualem,
781 2846 845 2916 sed
870 2867 912 2916 ex
938 2867 982 2916 eo
1006 2846 1107 2935 quod
1130 2845 1297 2931 aliunde,
1321 2867 1388 2916 seu
1411 2845 1489 2916 sive
1512 2866 1558 2916 ex
1580 2845 1747 2915 terminis
1777 2846 1859 2915 lun·

360 2967 519 3039 dationis
542 2976 579 3040 ct
601 2969 794 3041 erectionis
818 2970 1042 3060 collegiatae,
1062 2971 1140 3041 sive
1164 2993 1209 3042 cx
1232 2971 1398 3041 terminis
1421 2971 1616 3042 erectionis
1641 2971 1795 3042 vicariae
1819 2970 1858 3040 in

358 3094 549 3183 collegiata
572 3094 644 3164 iam
673 3115 798 3166 curam
831 3095 1002 3179 habente,
1026 3101 1169 3166 constet
1191 3099 1228 3165 et
1251 3101 1390 3166 certum
1421 3095 1468 3165 sit
1495 3096 1657 3185 capitulo
1688 3103 1854 3184 spectare

359 3238 485 3288 curam
509 3219 746 3290 habitualem.

464 3344 578 3414 Docet
608 3343 706 3414 enim
730 3346 826 3415 Rota
849 3346 887 3415 in
911 3349 1080 3414 Romana
1100 3349 1241 3415 iachim
1270 3348 1512 3432 parochorum
1536 3346 1650 3430 Celso,
1673 3352 1696 3414 4
1718 3349 1860 3414 Decem-

358 3469 433 3538 bris
456 3473 554 3554 1651,
569 3493 605 3539 a.
623 3474 706 3538 1.·'«
724 3468 872 3539 Domini
895 3491 970 3539 non
994 3473 1256 3540 revocaverunt
1279 3469 1317 3539 in
1341 3469 1495 3539 dubium
1519 3470 1619 3558 quod
1644 3489 1732 3540 cura
1754 3469 1860 3539 habi-

360 3621 378 3654 «
396 3592 539 3663 tualis..
559 3593 608 3664 sit
631 3615 745 3682 penes
769 3593 969 3664 canonicos
994 3598 1030 3663 et
1054 3592 1289 3681 capitulum...
1311 3593 1422 3681 idque
1446 3594 1678 3664 deducebant
1709 3598 1787 3664 tum
1812 3615 1859 3663 ex

361 3717 505 3786 «Bulla
529 3718 732 3788 Innocentii
756 3719 841 3788 Vlll
865 3725 942 3788 tum
979 3717 1088 3789 etiam
1113 3739 1158 3788 ex
1181 3717 1255 3788 alia
1279 3718 1385 3788 Bulla
1409 3718 1542 3788 Leonis
1567 3725 1631 3789 X...
1656 3725 1692 3789 et
1726 3719 1859 3790 exinde

361 3871 379 3905 ‹
394 3864 431 3911 a.
448 3847 501 3926 12,
517 3841 628 3912 iidem
653 3843 780 3913 Patres
804 3847 1027 3913 censuerunt
1049 3863 1125 3912 non
1151 3863 1280 3931 urgere
1300 3843 1402 3931 quod
1424 3843 1717 3930 archipresbyter
1741 3843 1778 3912 in
1802 3842 1860 3911 lit-

361 3995 379 4029 «
396 3967 484 4037 teris
507 3967 728 4056 Apostolicis
761 3967 871 4038 fuerit
897 3967 1069 4056 provisus
1091 3967 1138 4038 de
1161 3967 1518 4055 archipresbyteratu
1546 3987 1629 4038 curn
1653 3967 1859 4038 assertione

362 4121 380 4154 κ
398 4092 498 4180 quod
521 4092 572 4161 illi
595 4091 786 4161 immineat
809 4113 896 4162 cura
920 4091 1126 4162 animarum
1145 4119 1174 4160 ».

464 4216 565 4285 ldern
600 4216 795 4286 dicendum
820 4217 866 4285 de
893 4215 1106 4302 Paaimotto,
1133 4235 1241 4304 quem
1268 4213 1477 4304 Capitulum
1503 4235 1569 4285 seu
1600 4215 1680 4285 eius
1708 4215 1858 4284 Patroni

360 4340 683 4428 Archipresbytero
709 4346 923 4430 opponunt;
951 4361 1037 4410 nam
1063 4361 1109 4409 ex
1133 4340 1346 4429 Pignatcllo,
1370 4344 1438 4424 ait,
1461 4343 1610 4410 manati.
1635 4344 1709 4425 169,
1734 4363 1771 4409 a.
1796 4345 1859 4408 14.-

361 4495 378 4528 ‹
397 4466 449 4536 Nc
473 4439 622 4555 quidem
656 4467 834 4536 relevaret
858 4465 889 4536 si
924 4465 962 4534 in
985 4465 1258 4554 provisionibus
1294 4465 1456 4536 obtentis
1480 4487 1502 4535 a
1527 4465 1621 4536 Sede
1644 4463 1859 4553 apostolica

361 4590 609 4660 «huiusmodi
647 4589 1043 4678 archipresbyteratus,
1078 4589 1220 4678 legatur
1258 4587 1628 4677 archipresbyteratui
1666 4587 1857 4658 imminere

360 4744 378 4780 «
396 4736 520 4785 curam
555 4714 774 4785 animarum.
800 4713 895 4800 Quia
931 4719 987 4784 cst
1009 4713 1195 4783 narrative
1228 4711 1481 4800 provisionum
1518 4733 1613 4802 quae
1639 4735 1714 4783 non
1748 4712 1858 4781 debet

361 4868 378 4903 «
390 4841 647 4926 praeiudicare
670 4842 860 4924 capitato...
879 4865 908 4907 ».

464 4964 602 5033 Sensus
625 4963 735 5053 igitur
758 4969 830 5049 est,
857 4964 958 5052 quod
981 4963 1012 5032 si
1035 4985 1080 5033 ex
1104 4961 1269 5032 terminis
1304 4961 1498 5033 erectionis
1534 4967 1676 5033 constet
1700 4963 1745 5032 de
1769 4983 1858 5032 cura

360 5089 537 5160 habituali
573 5110 686 5178 penes
723 5089 942 5178 capitulum,
975 5089 1124 5159 termini
1157 5087 1378 5178 provisionis
1417 5089 1533 5158 factae
1569 5088 1859 5176 archipresbyte-

359 5214 454 5284 ratui
477 5213 726 5303 praeiudicare
751 5235 826 5284 non
850 5214 986 5285 debent
1021 5213 1164 5284 iuribus
1188 5211 1349 5302 capituli,
1377 5211 1534 5302 ideoque
1568 5213 1739 5283 trahendi
1770 5218 1858 5283 sunt

359 5341 407 5409 ad
421 5340 599 5410 terminos
622 5340 816 5411 erectionis
832 5345 869 5410 et
883 5339 987 5410 iuxta
1010 5340 1093 5409 illos
1117 5337 1391 5427 interpretandi.
1409 5338 1543 5408 Nostro
1567 5345 1690 5409 autern
1714 5337 1752 5407 in
1769 5359 1857 5408 casu

357 5464 504 5535 termini
538 5464 731 5535 erectionis
755 5465 931 5536 resistunt
966 5483 1074 5534 curae
1108 5463 1289 5533 habituali
1314 5463 1488 5551 Capituli;
1513 5485 1626 5552 quare
1660 5464 1772 5534 verba
1795 5462 1857 5533 illa
