4120 6284
550 819 755 948 Slltlltll
807 819 1073 949 centul
1128 817 1298 946 lttllll

607 1320 1000 1404 MELEVITANA.
1026 1325 1243 1420 (Meliten).

834 1499 1012 1550 OPTIONIS.

275 1663 343 1730 Pio
368 1663 477 1746 Papo
499 1664 533 1732 X
556 1665 707 1748 feliciter
729 1665 908 1748 regnante,
928 1662 1162 1747 Pomttficotms
1176 1661 1442 1752 Donnimotiomts
1463 1681 1553 1728 suae
1575 1679 1673 1728 enno

175 1807 275 1870 nerto,
295 1790 354 1855 die
379 1793 424 1856 12
440 1788 593 1874 Amqotati
616 1792 715 1872 1911,
731 1789 806 1855 BR.
823 1788 894 1855 ΡΡ.
910 1788 987 1854 DD.
1004 1787 1161 1854 Mtcteoti
1176 1787 1281 1872 Lego,
1298 1785 1475 1868 Deconus,
1495 1785 1673 1854 Antonius

174 1915 408 1998 Percthomer,
434 1916 465 1980 ct
499 1913 669 1999 Iosephm
690 1911 840 1995 Aiberti,
866 1911 1031 1994 Ponens,
1056 1910 1245 1979 Auditores
1274 1914 1317 1978 de
1348 1913 1454 1978 turno
1483 1914 1526 1980 m
1559 1932 1673 1980 caereo

177 2037 462 2108 «Melevitana·
477 2034 648 2125 Optionis
665 2064 684 2099 »
707 2039 803 2106 mter
827 2035 1047 2106 domenum
1073 2037 1285 2104 Mictcotiem
1309 2036 1506 2121 Giopporo,
1531 2058 1673 2121 reprae-

175 2167 354 2232 sentatum
371 2185 441 2250 per
465 2165 660 2248 legitimum
676 2163 947 2248 procuratorem
976 2161 1199 2228 Vincentium
1222 2159 1382 2244 Soocont,
1397 2162 1619 2246 odoocotmn,
1642 2166 1674 2231 et

179 2289 399 2358 Gononioom
422 2287 639 2373 Alphm'dum
661 2288 821 2372 Mtfeud,
844 2287 1152 2372 repraesentatum
1172 2306 1242 2370 per
1269 2287 1441 2372 legitimos
1465 2291 1674 2370 procurato

175 2436 230 2483 rec
256 2413 480 2482 Sacerdotem
506 2414 684 2481 Alotsimm
705 2413 905 2480 Looitromo
936 2413 966 2478 et
989 2411 1164 2497 Angelum
1187 2411 1453 2496 D’Aleseondm',
1472 2415 1670 2500 odoocotoe,

174 2543 374 2626 sequentem
395 2541 617 2624 definitivam
640 2539 800 2606 tulerunt
821 2539 1044 2606 sententiam

280 2698 409 2787 Usque
432 2697 479 2767 ab
503 2717 602 2767 anno
632 2697 719 2766 reat
749 2696 788 2765 In
814 2696 978 2766 Ecclesia
1002 2696 1211 2767 cathedrali
1240 2697 1459 2768 Melevitana
1487 2698 1585 2788 viget
1613 2703 1674 2770 tos

175 2827 347 2910 epitomis,
371 2842 589 2892 concessum
620 2821 666 2890 ab
690 2821 841 2891 Urbano
867 2821 950 2890 VIII
982 2841 1047 2910 per
1077 2821 1240 2905 Bullem,
1262 2843 1356 2911 quae
1388 2821 1517 2912 Incipit
1547 2851 1565 2886 «
1586 2824 1674 2893 Gom

174 2953 263 3018 mot
282 2972 313 3033 »3
326 2948 581 3018 confirmatum
595 2967 683 3017 vero
700 2947 890 3016 abeodem
906 2945 1083 3017 Pontifice
1095 2967 1161 3034 per
1172 2947 1323 3018 alteram
1339 2948 1483 3019 Bullam
1501 2969 1559 3018 an.
1575 2949 1671 3019 1638.

177 3071 350 3156 0ccasi0,
373 3093 447 3161 qua
473 3071 546 3142 tale
578 3071 636 3140 ius
667 3070 945 3154 concederetur,
969 3069 1039 3140 tuit
1072 3069 1172 3141 haec.
1201 3069 1295 3141 Cum
1328 3069 1533 3161 Episcopus
1564 3073 1672 3144 Mele-

175 3197 322 3266 vitanus
345 3196 652 3267 animadverteret
682 3196 914 3284 praebendas
937 3216 1027 3265 suae
1059 3194 1242 3265 Ecclesiae
1267 3195 1496 3266 Gatbedralis
1527 3197 1565 3266 ln
1592 3197 1672 3268 dies

175 3321 249 3393 fieri
286 3322 505 3405 deteriores,
535 3321 636 3391 initIs
670 3342 753 3391 oum
791 3320 962 3409 Capitulo
993 3319 1174 3406 consiliis,
1206 3341 1228 3390 a
1259 3321 1436 3392 Pontifice
1467 3323 1669 3393 remedium

177 3453 275 3518 tanto
311 3447 410 3516 malo
445 3445 700 3534 expostulavit.
738 3446 905 3516 Pontifex
941 3444 1111 3533 precibus
1146 3467 1331 3546 annuens,
1366 3467 1431 3534 per
1467 3450 1668 3537 praelatam

179 3572 318 3642 Bullam
343 3572 527 3644 concessit
548 3577 609 3642 ios
631 3575 784 3658 optandi
806 3572 1035 3660 praebendas
1051 3571 1273 3662 pinguiores,
1289 3573 1538 3644 determinans
1560 3574 1670 3644 simul

180 3697 405 3768 conditiones
435 3698 494 3768 his
521 3698 661 3768 verbis:
687 3697 777 3767 «De
800 3702 945 3768 caetero
968 3698 1155 3785 perpetuis
1182 3697 1316 3768 tuturis
1342 3697 1570 3787 temporibus
1593 3705 1668 3770 tarn

183 3823 426 3912 «dignitates,
458 3843 569 3912 quam
599 3823 840 3893 canonicatus
871 3826 907 3891 et
937 3823 1167 3910 praebendas
1198 3823 1361 3892 elusdem
1391 3824 1574 3897 Ecclesiae
1602 3848 1670 3915 pro

183 3952 374 4036 «tempore
410 3947 634 4032 obtinentes,
666 3947 877 4038 pinguiores
911 3947 1160 4036 praebendas,
1190 3948 1493 4040 quotiescumque
1525 3973 1588 4022 eas
1625 3953 1669 4022 de

183 4079 354 4142 «caetero
389 4093 519 4142 vacare
555 4071 765 4161 contigerit,
801 4076 944 4160 optare,
975 4057 1214 4141 canonicatus
1249 4092 1336 4142 vero
1371 4077 1408 4142 et
1440 4075 1670 4161 praebendas

183 4198 419 4268 «obtinentes
442 4196 655 4268 huiusmodi
679 4197 727 4266 ad
743 4195 940 4286 dignitates
963 4197 1172 4280 ascendere,
1193 4217 1329 4284 easque
1353 4196 1520 4267 similiter
1543 4205 1669 4288 optare

184 4349 199 4383 ‹
213 4323 320 4394 libere
330 4329 367 4393 et
374 4321 473 4393 liciIe
484 4323 629 4410 posint
637 4327 674 4393 et
681 4322 838 4405 valeant,
847 4321 1050 4410 apostolica
1059 4321 1274 4392 auctoritate
1286 4327 1413 4393 tenore
1422 4323 1675 4411 praesentium.

185 4448 445 4518 «concedimus
469 4453 505 4518 et
528 4447 771 4538 indulgemus.
796 4447 1042 4517 Decernentes
1073 4468 1138 4516 eos
1170 4467 1214 4516 ex
1238 4447 1434 4548 dIgnitates
1458 4467 1501 4517 ac
1525 4449 1669 4518 canoni-

186 4577 314 4642 «catus
337 4579 374 4642 et
389 4573 621 4660 praebendas
643 4571 851 4662 praedictas
874 4571 1128 4642 obtinentibus
1151 4571 1373 4657 huiusmodi,
1393 4572 1455 4662 qui
1476 4573 1514 4642 in
1531 4572 1670 4643 eisdem

187 4696 449 4786 «dignitatibus
464 4719 508 4768 ac
524 4697 802 4768 canonicatibus
818 4703 855 4768 et
870 4696 1090 4786 praebendis
1107 4717 1172 4785 per
1195 4717 1259 4766 eos
1275 4718 1342 4785 pro
1366 4703 1530 4785 tempore
1547 4698 1670 4768 obten-

189 4820 268 4906 «tis,
289 4827 364 4892 tam
391 4823 516 4913 quoad
539 4823 682 4893 illorum
711 4823 861 4905 reditus,
885 4842 995 4911 quam
1020 4822 1145 4911 quoad
1179 4822 1365 4906 fabricam,
1389 4827 1426 4892 et
1449 4821 1521 4892 alia
1544 4822 1670 4894 hulus-

190 4948 318 5033 «modi,
334 4947 459 5036 alique
483 4946 762 5018 melioramenta
777 4947 816 5016 in
831 4946 977 5016 illorum
999 4946 1195 5017 utilitatem
1220 4951 1257 5016 et
1272 4947 1570 5017 commoditatem
1594 4968 1670 5017 non

190 5070 369 5156 «fecerint,
393 5071 545 5160 optione
569 5077 605 5142 et
628 5071 865 5142 concessione
890 5077 927 5142 et
950 5072 1092 5142 indulto
1115 5071 1252 5142 nostris
1276 5072 1510 5160 praescriptis
1533 5072 1604 5141 irui
1627 5093 1670 5142 ac

191 5196 365 5282 «gaudere
397 5195 548 5266 minime
579 5217 735 5284 posse».
768 5196 848 5266 Tali
879 5197 1068 5286 privilegio
1100 5217 1245 5285 semper
1272 5197 1329 5266 usi
1359 5202 1446 5265 sunt
1473 5203 1591 5285 usque
1622 5198 1669 5267 ad

189 5313 266 5386 haec
296 5326 461 5409 tempora
486 5318 664 5390 Canonici
688 5319 873 5389 Ecclesiae
898 5319 1148 5404 Melevitanae,
1172 5324 1214 5388 ut
1237 5324 1338 5407 patet
1361 5341 1406 5389 ex
1429 5319 1582 5390 Actibus
1607 5320 1670 5390 Ca·

190 5438 388 5524 pitularibus
420 5444 589 5548 eiusdem
614 5443 808 5514 Ecclesiae.
833 5444 1006 5514 Attamen
1036 5445 1149 5514 semel
1174 5443 1364 5514 etiterum
1398 5443 1669 5514 controversiae
