4120 6284
563 452 595 510 8.
618 453 819 524 Ooommtto
838 457 873 510 de
892 456 1106 526 Propopondo
1123 458 1210 513 rrae.

149 547 566 560 —————

284 920 330 1051 S.
374 923 768 1054 CONGREGATIO
809 925 881 1053 llll
921 921 1320 1054 Patricium
1361 925 1489 1054 llllll

874 1411 904 1490 l.

268 1604 468 1655 Daemon
491 1604 687 1654 DlVISIONlS
714 1606 995 1656 PRAEFECTURAO
1019 1606 1268 1658 aros'romcnu
1296 1607 1503 1660 acchonem.

240 1780 325 1866 Quo
341 1779 491 1851 uberior
503 1782 636 1851 evadat
652 1781 689 1849 in
701 1780 863 1851 Uellensi
874 1780 1086 1869 Apostolica
1101 1782 1335 1852 Praefectura
1346 1781 1461 1853 divini
1477 1783 1637 1854 nominis

136 1905 374 1992 praedicatio,
399 1905 480 1976 Emi
505 1906 632 1976 Patres
657 1905 693 1975 S.
717 1905 828 1975 huius
853 1905 1153 1995 Congregationis
1176 1905 1279 1976 Fidei
1302 1907 1575 1997 Propagandae,
1599 1907 1637 1978 in

135 2029 314 2118 plenariis
330 2030 489 2102 comitiis
504 2031 563 2102 die
578 2051 617 2100 xl
632 2029 808 2102 vertentis
819 2029 957 2101 mensis
969 2030 1116 2116 habitis,
1130 2037 1338 2102 statuerunt
1354 2037 1395 2102 ut
1410 2033 1637 2121 praedictum

134 2156 363 2227 territorium
378 2178 442 2245 per
450 2177 538 2225 xxvi
551 2156 663 2227 semis
674 2158 826 2246 gradum
842 2156 1082 2247 longitudinis
1094 2157 1283 2228 orientalis
1292 2159 1497 2248 (16*’3111131
1508 2158 1638 2230 Green·

137 2279 245 2372 wich)
269 2281 310 2349 iu
335 2281 429 2352 duas
445 2285 569 2369 partes
584 2279 815 2352 divideretur.
834 2280 998 2366 Quarum
1023 2281 1151 2370 prima,
1169 2281 1266 2352 curis
1283 2282 1552 2353 Canonicorum
1568 2283 1638 2354 Re-

138 2405 320 2494 gularium
348 2405 768 2476 Praemonstratensium
786 2405 965 2476 Abbatiae
981 2407 1264 2496 Tongerlotnsis
1280 2407 1426 2492 credita,
1442 2413 1484 2478 ut
1499 2429 1637 2478 novum

139 2531 180 2600 de
203 2530 312 2600 Uelle
338 2529 564 2601 Occidentali
589 2551 726 2600 nomen
745 2529 935 2618 acciperet,
952 2538 1192 2616 censuerunt3
1217 2532 1332 2602 altera
1355 2553 1453 2618 vero,
1467 2533 1511 2602 de
1534 2532 1638 2602 Ucllt

137 2653 318 2724 Orientali
341 2653 657 2743 nuncupandam
676 2659 883 2742 separatam
909 2661 1019 2744 atque
1043 2655 1350 2744 independentem
1367 2656 1637 2727 Praefecturam

135 2777 390 2865 Apostolicam
421 2777 634 2867 erigeretur,
658 2777 833 2848 fratribus
857 2777 1006 2849 Ordinis
1034 2779 1332 2852 Praedicatorum
1357 2778 1525 2869 Belgicae
1554 2801 1638 2869 pro

133 2904 279 2974 vinciae
303 2903 605 2974 concredendam.

241 3028 364 3115 Quam
381 3029 556 3099 limorum
574 3028 724 3098 Petrum
739 3028 958 3099 sententiam
973 3030 1019 3098 ab
1032 3029 1264 3118 infrascripto
1276 3031 1483 3119 praedictae
1497 3029 1533 3100 S.
1547 3029 1637 3101 Con·

134 3154 363 3244 gregationis
392 3153 594 3224 Secretario
626 3152 742 3224 SSmo
766 3153 925 3224 Domino
957 3155 1092 3225 Nostro
1122 3154 1188 3225 Pio
1219 3154 1290 3224 div.
1322 3177 1422 3244 prov.
1448 3156 1511 3244 Pp.
1535 3155 1569 3225 X
1598 3155 1635 3225 in

134 3277 327 3349 audientia
356 3277 522 3348 eiusdem
552 3277 623 3347 diei
651 3277 824 3362 relatam,
849 3277 1033 3348 Sanctitas
1062 3277 1139 3349 Sua
1166 3277 1205 3348 iu
1229 3277 1402 3349 omnibus
1432 3279 1636 3367 adprobare

132 3409 330 3510 ratamque
355 3401 490 3473 hahere
506 3401 655 3492 dignata
679 3407 873 3491 astatque
896 3423 1073 3490 praesens
1096 3423 1140 3473 ea
1164 3403 1208 3472 de
1232 3424 1270 3473 re
1294 3404 1480 3473 decretum
1505 3401 1635 3473 confici

132 3527 335 3598 mandavit.

237 3653 377 3721 Datum
402 3652 542 3720 Romae
572 3671 616 3720 ex
640 3650 795 3720 aedibus
820 3649 855 3720 S.
874 3649 1176 3740 Congregationis
1200 3652 1245 3721 de
1270 3650 1515 3740 Propaganda
1536 3649 1636 3736 Fide,

132 3779 190 3848 die
216 3779 260 3848 18
283 3776 501 3848 Decembris
525 3797 622 3846 anno
648 3777 744 3845 1911.

521 4043 577 4112 Fr.
602 4043 647 4112 H.
673 4043 716 4112 M.
742 4043 853 4114 Orno.
880 4041 1248 4129 Gorr1,Prcefectus.

1038 4240 1076 4311 C.
1102 4241 1285 4326 Laurenti,
1309 4243 1538 4312 Secrdariua

859 4687 913 4769 Il.

625 4898 897 4971 NOMINATIO
922 4898 1144 4969 EPISCOPI

232 5098 344 5169 Brevi
367 5093 585 5185 Apostolioo
609 5093 823 5165 nominatus
846 5100 918 5165 est:

232 5247 276 5311 13
299 5240 499 5310 menbris
522 5242 619 5307 1911.
644 5277 687 5290 -
711 5237 754 5307 R.
772 5237 810 5306 P.
827 5237 1047 5308 Franciscus
1071 5236 1235 5327 Aguirre,
1259 5259 1304 5308 ex
1331 5235 1468 5308 Ordine
1494 5235 1637 5306 Praedi-

127 5371 306 5452 catorum,
324 5365 537 5455 Episcopus
552 5361 713 5432 titularis
730 5359 944 5448 Botryensis
961 5369 997 5432 et
1012 5361 1179 5432 Vicarius
1195 5362 1428 5450 Apostolious
1444 5359 1637 5432 Fokiensis

128 5493 166 5563 iu
193 5491 301 5562 Sinis,
