4120 6284
751 458 782 515 S.
803 459 947 514 Romano
965 458 1056 512 Rota.
1616 451 1655 510 89

156 641 250 732 «qui
274 642 370 713 falso
395 644 555 714 creditur
578 645 779 714 subesse».
806 642 878 713 Cir.
902 645 1047 728 Scmm,
1069 664 1107 729 p.
1132 651 1164 727 1,
1188 665 1222 711 n.
1249 648 1301 727 79,
1325 645 1407 711 adit.
1432 643 1499 712 ΙΙΙ.
1525 670 1543 705 ‹
1563 641 1655 712 Cum

157 787 275 836 «vero
301 767 421 857 agitur
437 769 482 838 de
497 789 536 838 re
560 768 804 852 beneficiaria,
822 767 951 838 titulus
975 768 1171 852 coloratus,
1187 767 1240 837 ait
1255 766 1413 857 Riganti,
1437 767 1569 838 dicitur
1585 766 1656 850 ille,

157 891 253 979 «qui
277 897 426 962 emanat
442 893 490 962 ab
509 914 553 964 eo
569 893 633 983 qui
655 894 792 983 gaudet
815 892 1012 981 originaria
1035 893 1208 962 facultate
1233 890 1444 962 conferendi
1468 890 1655 974 beneficia,

159 1015 275 1086 «licet
298 1014 397 1086 illius
421 1015 633 1086 exercitium
659 1014 708 1086 sit
730 1037 776 1086 ex
799 1014 923 1104 aliqua
947 1036 1060 1087 causa
1095 1015 1330 1104 impeditum
1354 1016 1410 1086 vel
1434 1015 1547 1099 alias,
1570 1035 1658 1104 quo·

159 1139 419 1228 ‹tiescumque
444 1139 592 1210 collatio
621 1140 749 1211 habita
772 1144 838 1224 est,
864 1140 931 1209 sed
953 1139 1078 1228 aliquo
1101 1139 1192 1209 vitio
1227 1139 1382 1224 laborat,
1406 1139 1460 1208 uti
1484 1138 1515 1208 si
1539 1138 1658 1208 conse

158 1269 293 1334 «ratur
315 1263 547 1350 beneficium,
563 1265 674 1354 quod,
687 1265 735 1335 ob
759 1264 904 1352 lapsum
929 1265 1106 1352 temporis
1122 1265 1169 1334 ad
1193 1264 1468 1348 conferendum,
1481 1262 1554 1333 iam
1578 1268 1656 1333 erat

158 1389 418 1472 «devolutum,
438 1393 475 1459 et
498 1389 549 1458 ita
571 1409 729 1476 porro».
755 1389 826 1459 cfr.
846 1389 1033 1458 damnant.
1051 1391 1102 1456 od
1124 1389 1219 1458 hono
1241 1391 1416 1475 rapulam,
1435 1411 1471 1457 n.
1489 1393 1542 1456 12.
1568 1387 1658 1456 Iam·

25 1567 26 1572 ,
158 1534 242 1582 vero
274 1514 352 1582 RR.
376 1513 452 1582 DD.
479 1512 548 1583 ΡΡ.
574 1513 912 1584 animadverterunt
937 1512 977 1582 in
1001 1533 1090 1582 casu
1123 1512 1313 1602 proposito
1348 1512 1477 1582 deesse
1507 1511 1656 1581 titulum

156 1639 360 1723 coloratam,
387 1637 477 1726 quin
504 1637 614 1708 etiam
638 1637 787 1708 titulum
826 1657 977 1726 prorsus
1002 1635 1213 1708 desiderari.
1239 1636 1336 1707 Sane
1360 1635 1566 1725 Episcopus
1590 1636 1658 1705 lle

155 1763 337 1832 lenitanus
360 1783 436 1832 non
467 1763 625 1833 intendit
648 1763 812 1832 conferre
838 1762 1026 1833 Canonico
1051 1763 1235 1851 Ciappara
1258 1761 1506 1850 praebendam
1532 1759 1659 1830 Poeni·

154 1887 374 1972 tentiariam,
390 1910 464 1975 qno
487 1891 615 1971 tolcm;
638 1888 704 1958 sed
727 1888 885 1958 sortasse
908 1893 1045 1976 putans
1069 1886 1231 1968 officium
1255 1885 1533 1956 Poenitentiarii
1557 1905 1658 1973 sepa·

97 2039 103 2050 ·
157 2011 225 2081 rari
250 2033 361 2100 posse
385 2033 408 2082 a
431 2033 499 2083 sua
522 2010 751 2100 praebenda,
774 2012 871 2122 hanc
893 2016 1036 2081 tantum
1064 2011 1250 2082 Canonico
1275 2009 1458 2098 Ciappara
1492 2009 1657 2079 conferre

157 2137 281 2206 voluit.
300 2137 342 2205 ld
366 2135 457 2206 satis
481 2135 663 2226 colligitur
686 2157 731 2206 ex
752 2136 861 2206 Bulla
884 2135 1102 2220 collationis,
1118 2135 1182 2205 ubi
1205 2134 1353 2224 legitur:
1380 2161 1398 2196 «
1416 2132 1509 2203 Cum
1534 2132 1658 2222 itaque

158 2290 175 2324 ι
192 2261 406 2332 vacaverint
432 2265 470 2330 et
492 2259 540 2331 ad
572 2281 747 2348 praesens
770 2266 900 2330 vacent
925 2259 1172 2330 Canonicatus
1203 2265 1240 2329 et
1263 2258 1480 2329 Praebenda
1503 2258 1657 2327 Nostrae

159 2384 228 2455 «S.
254 2383 486 2454 Cathedralis
520 2387 558 2453 et
579 2381 914 2472 Archiepiscopalis
941 2381 1126 2454 Ecclesiae
1161 2382 1372 2466 Melitensis,
1396 2386 1480 2450 tnnc
1513 2381 1658 2451 adnexa

160 2507 502 2579 «Poenitentiariae
533 2507 654 2579 officio
690 2529 756 2596 per
778 2507 965 2596 optionem
1000 2508 1135 2578 factam
1164 2513 1230 2578 etc.
1248 2533 1278 2576 ».
1304 2505 1461 2576 Proinde
1485 2505 1523 2575 in
1553 2505 1659 2575 colla·

156 2634 255 2704 tione
292 2633 533 2734 praebendae,
556 2653 632 2722 qua
655 2631 977 2718 Poenitentiariae,
1001 2632 1131 2702 titulus
1154 2631 1305 2701 omnino
1340 2629 1466 2700 deluit.
1492 2631 1659 2700 lamvero

159 2760 307 2848 quando
331 2758 461 2828 titulus
477 2758 580 2827 deest
596 2756 760 2841 omnino,
776 2757 907 2826 titulus
929 2759 1107 2826 coloratos
1121 2777 1169 2826 ne
1184 2753 1337 2845 intelligi
1361 2754 1510 2844 quidem
1526 2759 1658 2843 potest,

160 2884 245 2973 quia
267 2887 425 2972 negatur
448 2881 694 2970 suppositum.
712 2919 732 2932 -
750 2880 859 2966 Quod
883 2881 1015 2950 attinet
1036 2901 1124 2950 vero
1141 2880 1189 2950 ad
1207 2883 1476 2967 pmseaoiorram
1492 2879 1582 2948 nihil
1602 2885 1661 2949 est

160 3031 221 3080 cur
244 3007 478 3098 inquiramus
502 3007 547 3077 de
571 3007 653 3077 eius
681 3005 921 3095 legitimitate,
944 3025 1028 3074 cum
1051 3004 1238 3093 possessio
1273 3004 1364 3092 ipsa,
1388 3024 1464 3074 non
1486 3024 1593 3075 secus
1616 3025 1660 3073 ac

160 3135 299 3218 titulus,
322 3152 475 3220 prorsus
508 3131 665 3201 deficiat.
691 3130 786 3202 Sane
822 3129 853 3200 si
877 3129 1083 3219 Episcopus
1118 3127 1360 3198 Melevitanus
1393 3149 1469 3199 non
1503 3128 1660 3198 intendit

162 3259 323 3329 conferre
349 3253 536 3326 Canonico
563 3253 746 3343 Ciappara
775 3254 846 3324 nisi
871 3253 989 3324 solam
1024 3253 1273 3341 praebendam
1304 3252 1445 3340 absque
1470 3251 1660 3322 Poeniten-

161 3383 313 3454 tieratus
347 3379 487 3465 officio,
511 3378 720 3451 Canonicus
746 3378 928 3468 Ciappara
950 3385 992 3448 ut
1014 3378 1125 3448 talem
1150 3397 1230 3447 eam
1267 3377 1447 3462 obtinuit3
1470 3375 1593 3466 reipsa
1626 3376 1660 3446 is

164 3527 350 3598 nunquam
373 3504 616 3576 exsistimavit
639 3525 678 3575 se
695 3525 778 3576 esse
795 3503 1022 3574 Canonicnm
1040 3502 1380 3587 poenitentiarium,
1401 3522 1445 3572 ac
1468 3523 1658 3592 nunquam

168 3629 435 3703 Poenitentiarii
459 3628 621 3700 officium
655 3629 828 3700 exercuit.
852 3628 1051 3699 Deficiente
1075 3627 1186 3718 igilur
1218 3626 1455 3715 possessione
1486 3628 1660 3715 praeben·

26 3735 27 3776 ³
169 3758 325 3846 dae,qua
348 3753 666 3839 Poenitentiariae,
690 3753 813 3824 deficit
836 3753 946 3824 etiam
981 3751 1094 3823 huius
1118 3750 1368 3841 praescriptio,
1392 3751 1495 3820 iuxta
1529 3757 1657 3822 notum

170 3881 396 3970 principium:
419 3906 438 3942 c
456 3881 611 3948 Tantum
622 3883 899 3966 praescriptum,
916 3881 1095 3966 pometum
1103 3899 1309 3964 possessum
1324 3903 1355 3945 ».
1373 3876 1499 3965 Neque
1516 3875 1660 3946 admitti

171 4010 298 4093 potest,
321 4008 364 4074 ut
397 4003 605 4092 praetendit
638 4008 855 4093 procurator
889 4003 927 4072 in
954 4002 1167 4072 novissimis
1202 4000 1504 4086 deductionibus,
1527 4021 1660 4090 nempe

173 4131 261 4218 quod
282 4127 520 4218 praescriptio
556 4127 708 4198 currerit
739 4128 862 4216 quoad
885 4127 1133 4216 praebendam
1167 4130 1332 4196 tantum:
1356 4146 1443 4195 nam
1479 4125 1580 4195 haud
1603 4125 1661 4195 fas

173 4262 222 4324 est
240 4255 378 4344 privato
413 4253 637 4342 possessori,
663 4253 771 4323 etiam
802 4253 837 4322 vi
872 4255 1017 4340 regulae
1052 4253 1265 4335 triennalis,
1289 4271 1461 4338 separare
1496 4249 1659 4320 officium

176 4377 435 4450 Poenitentiarii
460 4398 482 4447 a
505 4399 574 4447 sua
607 4377 829 4465 praebenda,
853 4380 982 4447 contra
1017 4375 1283 4464 praescriptum
1311 4374 1419 4445 Cone.
1445 4373 1659 4444 Tridentini.

176 4499 221 4571 De
242 4503 364 4588 Herdt,
387 4504 524 4571 Promis
549 4501 675 4587 Capit,
688 4503 740 4570 Dc
765 4502 944 4570 Cononioo
966 4501 1114 4584 Poenil.;
1137 4499 1228 4570 Acta
1253 4498 1288 4568 S.
1307 4499 1423 4582 Sedis,
1439 4500 1468 4580 I,
1479 4521 1565 4585 pop.
1583 4504 1660 4568 611.

174 4625 220 4696 Ex
240 4627 296 4698 his
322 4627 432 4717 igitur
466 4627 632 4716 sequitur
656 4625 884 4696 Canonicum
910 4625 1092 4713 Ciappara
1126 4622 1222 4693 iuter
1245 4621 1453 4694 Canonicos
1476 4623 1660 4694 Ecclesiae

175 4750 389 4822 Cathedralis
413 4749 653 4821 Melevitanae
688 4749 869 4821 recenseri
893 4771 970 4819 non
1001 4769 1128 4838 posse,
1157 4748 1314 4837 ideoque
1342 4769 1366 4817 a
1389 4747 1467 4817 iure
1499 4747 1662 4836 optionis

174 4877 428 4947 excludendum
463 4896 556 4945 esse.
581 4875 628 4944 Et
651 4875 698 4944 ad
722 4875 820 4944 hanc
854 4873 1131 4944 conclusionem
1155 4872 1423 4943 deveniendum
1460 4877 1567 4956 esset,
1591 4871 1660 4941 etsi

174 4995 230 5068 fiat
250 4999 462 5088 hypothesis
485 4998 587 5087 quod
605 4997 815 5068 Canonicus
836 4997 1018 5086 Ciappara
1041 4997 1089 5066 sit
1106 4995 1315 5066 Canonicus
1341 4995 1661 5081 Poenitentiarius,

175 5153 248 5202 nam
271 5134 371 5205 iuxta
399 5133 572 5222 superius
602 5132 771 5221 exposita
801 5153 877 5202 non
908 5137 1051 5220 posset,
1075 5130 1130 5201 uti
1154 5131 1257 5215 talis,
1281 5131 1353 5200 frui
1378 5130 1456 5200 iure
1480 5129 1660 5218 optionis;

175 5259 339 5341 potuisset
349 5265 487 5342 tamen,
501 5256 538 5325 in
555 5255 625 5326 hac
637 5254 844 5344 hypothesi,
859 5255 889 5325 si
906 5277 975 5324 suo
988 5259 1152 5343 tempore
1169 5255 1418 5343 praebendam
1434 5255 1471 5324 in
1488 5255 1661 5323 manibus

176 5379 329 5473 Episcopi
352 5383 581 5473 resignasset
604 5381 651 5450 ad
674 5380 843 5450 effectum
870 5379 1040 5468 optandi:
1066 5380 1167 5468 quod
1201 5379 1279 5467 ipse
1303 5383 1490 5466 praestare
1526 5377 1660 5446 omisit.

267 5509 381 5580 Manet
405 5507 521 5598 igitur
556 5527 653 5575 unus
678 5504 889 5575 Canonicus
915 5504 1058 5589 Mifsud,
1082 5505 1225 5592 dequo
1249 5502 1507 5591 inquirendum
1533 5507 1589 5571 est
1612 5522 1660 5604 an
