4120 6284
811 437 889 494 Acta
902 439 955 493 Pa·
974 438 1036 493 ΡΡ.
1057 438 1094 492 Χ.

193 533 1701 547 mmm—*m*

812 852 1107 938 EPISTOLA.

198 1071 247 1135 in
271 1089 305 1136 n.
323 1087 356 1136 r.
382 1089 418 1137 n.
444 1086 610 1136 rosunum
642 1085 845 1135 sirrrs‘ruu
877 1083 1365 1149 clsra0,rncfl1nerscoruu
1395 1083 1639 1148 oenacensem,
1662 1084 1708 1132 ns

306 1213 569 1263 msrnunauna
591 1213 697 1262 cnam
720 1211 935 1260 nrscrenmn.

307 1369 540 1440 Venerabilis
563 1369 700 1452 Frater,
717 1368 873 1438 salutem
890 1373 927 1437 et
942 1366 1180 1456 apostolicam
1210 1366 1511 1436 benedictionem.
1535 1405 1579 1417 -
1604 1367 1709 1438 Solli-

201 1495 284 1565 citis
302 1494 419 1564 Nobis
436 1500 473 1564 et
488 1494 608 1565 anxiis
624 1495 669 1564 de
685 1499 785 1563 stetu
800 1493 987 1562 Ecclesiae
1005 1492 1280 1562 Venezuelanae
1297 1491 1435 1580 aliquid
1451 1491 1573 1562 solatii
1590 1512 1708 1580 nuper

203 1625 290 1688 tuae
314 1618 459 1688 litterae
483 1618 696 1701 attulerunt,
712 1638 757 1687 ex
773 1616 909 1706 quibus
933 1615 1185 1705 cognovimus,
1201 1616 1416 1685 nonnullam
1443 1615 1516 1685 iarn
1533 1637 1572 1686 se
1588 1622 1709 1686 osten-

203 1745 291 1814 dere
308 1767 415 1833 spem
437 1766 560 1815 rerum
584 1745 775 1832 aliquanto
792 1743 996 1812 meliorum.
1014 1742 1067 1811 Ac
1082 1741 1239 1830 primum
1258 1743 1421 1812 omnium
1438 1743 1642 1832 gaudemus
1662 1747 1709 1824 te,

207 1870 437 1940 Venerabilis
472 1870 616 1952 Frater,
641 1874 677 1937 et
710 1868 870 1957 collegas
904 1872 990 1936 tuos
1014 1867 1178 1956 Delegati
1203 1867 1403 1954 Apostolici
1439 1867 1619 1952 consiliiS,
1643 1887 1709 1955 pro

204 1994 434 2065 conscientia
457 1994 577 2079 officii,
597 1993 793 2082 plurimum
819 1992 997 2074 tribuere;
1023 1996 1102 2060 tum
1127 2013 1238 2062 sensu
1262 1996 1387 2082 gratae
1413 1993 1612 2062 voluntatis
1635 1991 1711 2061 affi-

205 2120 325 2190 cimur
341 2119 380 2189 in
396 2119 634 2208 Reipublicae
658 2117 896 2186 administros
914 2115 1146 2204 maximeque
1164 2115 1375 2186 Praesidem
1399 2116 1588 2200 illustrem,
1605 2137 1711 2204 quos,

208 2267 274 2334 pro
298 2265 369 2315 suo
392 2243 554 2313 iustitiae
589 2241 729 2325 studio,
755 2242 848 2310 bene
872 2260 953 2310 esse
977 2241 1162 2310 animatos
1185 2261 1272 2330 erga
1294 2241 1496 2310 Ecclesiam
1531 2240 1710 2311 videmus.

207 2369 393 2452 Ceterum,
409 2367 619 2437 facultatem
645 2365 897 2454 relinquentes
912 2363 1098 2434 Ecclesiae
1123 2365 1180 2434 sui
1197 2365 1421 2453 exsequendi
1446 2365 1620 2449 muneris,
1636 2386 1711 2434 non

212 2494 322 2563 modo
355 2482 452 2562 iuste
474 2491 500 2561 ii
524 2489 668 2560 dicendi
699 2497 788 2559 sunt
811 2490 949 2574 lacere,
974 2490 1039 2559 sed
1070 2490 1271 2578 sapienter:
1296 2489 1368 2559 nisi
1399 2489 1495 2560 enim
1533 2509 1654 2560 mores
1678 2496 1713 2559 et

209 2619 381 2688 instituta
405 2617 538 2686 civium
569 2615 696 2704 religio
720 2620 915 2702 temperet,
940 2615 1043 2685 nulla
1070 2621 1193 2704 potest
1223 2616 1368 2700 civitas,
1392 2621 1520 2703 utpote
1551 2615 1713 2685 instabili

212 2743 299 2812 nixa
321 2743 575 2826 fundamento,
599 2741 663 2810 diu
687 2739 899 2811 consistere.
924 2779 944 2792 -
968 2741 1047 2810 lam
1071 2762 1168 2825 vero,
1192 2741 1239 2811 ad
1263 2741 1417 2811 afflictas
1440 2763 1499 2810 res
1523 2741 1630 2810 istius
1653 2741 1715 2811 Ec·

209 2867 344 2938 clesiae
369 2866 618 2936 sublevandas
642 2864 808 2934 celeriter
830 2864 1119 2934 incumbendum
1143 2872 1200 2934 est
1223 2865 1463 2955 animoseque
1489 2865 1715 2949 instandum,

213 3014 258 3062 ne
283 2994 377 3061 forte
401 2992 493 3061 haec
527 2991 626 3060 mala
648 2989 827 3073 evadant,
852 2989 1028 3059 dilatione
1064 2989 1284 3074 medicinae,
1308 2990 1538 3061 insanabilia.
1564 3030 1582 3042 -
1608 2991 1716 3060 Hunc

212 3117 284 3186 sibi
308 3117 472 3186 laborem
497 3135 642 3185 sumere
666 3135 796 3184 omnes
824 3113 975 3202 quidem
998 3115 1135 3184 debent
1157 3114 1330 3203 Episcopi
1348 3136 1391 3184 ex
1408 3115 1480 3185 ista
1503 3115 1716 3205 Republica,

211 3242 280 3311 sed
304 3240 410 3310 facile
433 3239 536 3310 vides
560 3245 645 3309 tuas
668 3243 791 3328 partes
815 3259 908 3323 esse,
932 3239 1160 3309 Venerabilis
1184 3240 1320 3324 Frater,
1344 3244 1386 3311 ut
1408 3241 1539 3311 ceteris
1570 3245 1717 3312 conten-

211 3365 314 3434 tione
339 3363 537 3452 studioque
564 3363 778 3432 antecedas:
802 3362 840 3431 id
864 3383 886 3431 a
909 3367 945 3431 te
969 3365 1134 3451 postulat
1166 3370 1255 3432 tuus
1278 3363 1468 3453 dignitatis
1501 3365 1638 3454 gradus
1647 3339 1717 3448 ,‘id

214 3489 336 3576 ipsum
362 3487 437 3557 Nos
462 3487 577 3556 Nobis
600 3487 645 3556 de
668 3492 734 3556 tua
761 3485 938 3576 religione
970 3485 1080 3557 oflicii
1110 3489 1346 3576 spondemus.
1372 3489 1552 3558 Novimus
1583 3488 1628 3558 iis
1651 3489 1718 3557 vir-

215 3613 368 3697 tutibus,
385 3633 480 3701 quae
504 3612 542 3680 in
558 3611 721 3680 antistite
745 3631 933 3682 sacrorum
960 3612 1207 3701 requiruntur,
1224 3612 1317 3682 adeo
1340 3619 1377 3682 te
1393 3634 1475 3684 esse
1499 3613 1718 3683 instructum

213 3745 253 3808 et
275 3742 459 3822 ornatum,
476 3736 572 3806 utin
595 3736 707 3805 vitam
731 3743 846 3820 tuam,
864 3742 1052 3825 tamquam
1070 3737 1107 3807 in
1127 3737 1330 3827 speculum,
1350 3738 1529 3827 inspicere
1547 3739 1719 3807 omnibus

215 3864 343 3947 liceat;
367 3883 434 3931 nec
458 3862 672 3951 ignoramus
696 3881 807 3950 quarn
832 3860 981 3951 indigne
1009 3862 1124 3947 serae,
1147 3864 1262 3934 tantis
1285 3863 1529 3934 incommodis
1552 3863 1719 3933 laborare

218 3987 418 4058 Ecclesiam
449 3985 617 4074 patriam,
642 3983 748 4054 cuius
771 4007 812 4055 es
835 3989 877 4055 tu
900 3986 1049 4075 quidem
1080 3988 1387 4058 studiosissimus.
1413 3989 1534 4073 Quare
1566 3987 1720 4057 dubium
1776 4027 1781 4036 ·

213 4133 297 4182 esse
321 4131 399 4181 non
423 4116 555 4199 potest,
570 4109 662 4199 quin
686 4109 803 4198 ipsius
828 4111 1011 4182 Ecclesiae
1036 4112 1157 4197 saluti,
1173 4120 1356 4201 quantum
1379 4118 1436 4182 est
1459 4113 1496 4182 in
1520 4119 1567 4197 te,
1584 4112 1720 4209 servire

217 4237 318 4307 velis.
334 4235 595 4305 Verumtamen
620 4234 781 4304 nolimus
796 4240 833 4304 te
849 4235 902 4306 rei
918 4236 1197 4306 difficultatibus
1221 4236 1374 4306 nimium
1400 4237 1622 4306 commoveri
1647 4259 1722 4307 eas-

216 4382 289 4450 que
314 4359 483 4430 arbitrari
512 4359 672 4429 maiores
703 4381 802 4444 esse,
826 4381 937 4450 quarn
962 4367 1004 4430 ut
1027 4359 1228 4450 quidquam
1260 4361 1379 4431 evinci
1406 4382 1516 4450 posse
1543 4361 1720 4432 videatur.

217 4486 372 4575 Magnae
396 4484 558 4572 prolecto
588 4485 704 4554 moles
730 4485 982 4554 molestiarum
1006 4485 1072 4554 tibi
1097 4485 1312 4557 subeundae
1344 4491 1448 4570 sunt,
1473 4485 1621 4555 conanti
1645 4507 1722 4574 pra·

219 4610 352 4680 vitales
370 4630 512 4679 morum
539 4609 731 4698 corrigere,
747 4610 962 4697 praesertim
980 4611 1011 4679 si
1028 4612 1295 4681 consuetudine
1319 4611 1632 4696 inveteraverunt3
1657 4612 1722 4680 sed

217 4742 258 4806 tu
283 4739 448 4806 animum
484 4755 592 4824 cape,
610 4733 737 4803 divino
771 4734 910 4804 auxilio
946 4735 1127 4820 conlisus,
1144 4737 1357 4825 fortiterque
1392 4737 1572 4807 contende
1600 4737 1723 4826 quoad

222 4864 335 4948 potes.
362 4859 401 4929 Si
432 4859 556 4928 minus
586 4857 653 4927 tibi
685 4857 874 4948 contingat
903 4863 944 4928 ut
967 4839 1221 4949 quaecumque
1255 4859 1388 4930 vitiosa
1424 4865 1511 4930 sunt
1538 4861 1722 4945 emendes,

216 4989 342 5056 tamen
374 5005 453 5053 non
485 4983 606 5052 inanis
641 4983 793 5053 omnino
827 4984 975 5054 futurus
998 4989 1055 5054 est
1077 4984 1182 5054 labor
1212 4989 1318 5071 tuus,
1345 4993 1382 5056 ct
1412 4991 1509 5056 certe
1541 4985 1722 5055 consolari

215 5117 254 5180 te
278 5109 430 5198 poteris,
453 5109 555 5196 quod
578 5107 655 5195 ipse
684 5108 912 5196 praestiteris
936 5110 1070 5195 omnia,
1094 5130 1189 5198 quae
1216 5111 1407 5180 debueras.
1433 5111 1489 5180 Ad
1513 5115 1613 5180 tuam
1638 5131 1723 5180 vero

213 5233 447 5325 diligentiam
479 5232 639 5321 itemque
675 5232 897 5323 collegarum
929 5238 1077 5303 tuorum
1101 5233 1324 5304 incitandam
1357 5236 1428 5305 hoc
1452 5235 1561 5304 etiam
1592 5235 1723 5318 valeat,

212 5359 315 5449 quod
331 5358 373 5429 in
390 5355 577 5428 eiusmodi
599 5376 712 5426 causa
736 5355 944 5441 elaboratis,
961 5378 1056 5446 quae
1072 5357 1188 5427 Nobis
1213 5358 1403 5428 vobiscum
1428 5357 1634 5428 communis
1650 5363 1723 5442 cst;

208 5489 249 5554 et
271 5483 371 5566 ideo,
398 5477 583 5569 quidquid
606 5477 749 5549 consilii
781 5499 888 5548 exre
912 5479 1091 5567 ceperitis,
1116 5481 1217 5550 omni
1242 5481 1318 5550 Nos
1349 5479 1566 5551 auctoritate
1592 5481 1725 5550 Nostra
