4120 6284
729 497 759 554 8.
783 499 983 568 Ooograpatr'o
1001 501 1138 556 esaum.

566 949 610 1080 S.
638 949 1030 1080 connectent
1077 955 1307 1084 sitnon

771 1417 1101 1502 AUXIMANA.

303 1631 507 1680 DECRETUM
534 1633 847 1682 esnrlslcs'rronls
871 1634 916 1682 nt·
940 1633 1241 1684 cenonlzn'rlonrs
1264 1635 1343 1684 VEN.
1369 1635 1473 1684 ssnvl
1497 1637 1556 1684 nst

176 1751 386 1802 serverum
403 1755 582 1803 sensozzl
596 1755 816 1806 secsnooms
834 1755 1005 1805 Pnornssr
1022 1757 1168 1806 ORDlNlS
1185 1757 1355 1806 MlNOllUM
1368 1757 1682 1808 CONVENTUALIUM.

285 1929 437 1999 Auximi
461 1930 499 2000 in
518 1931 663 2016 Piceno,
680 1931 738 2000 die
762 1933 806 2000 e3
823 1931 941 2001 Martii
966 1953 1064 2002 anno
1091 1933 1187 2016 1809,
1204 1933 1251 2002 ab
1275 1933 1442 2003 honestis
1466 1935 1682 2024 coniugibus

179 2053 378 2124 Vincentio
403 2061 440 2124 et
463 2055 675 2125 Elisabetha
699 2055 901 2126 Frontalini
926 2063 1029 2126 ortus
1053 2063 1110 2127 est
1133 2057 1370 2128 Benvenutus
1396 2059 1602 2144 Bambozzi,
1619 2061 1682 2150 qui

182 2177 267 2247 inde
292 2201 315 2247 a
332 2178 489 2266 pueritia
513 2179 626 2248 vitam
650 2179 724 2269 egit
748 2201 857 2250 omne
880 2180 989 2250 laude
1013 2180 1173 2269 dignam.
1191 2181 1248 2249 Ab
1271 2181 1352 2270 ipsa
1375 2181 1435 2269 pia
1458 2182 1631 2270 genitrice
1648 2190 1684 2254 et

183 2323 205 2370 a
227 2303 391 2373 familiae
408 2302 557 2372 curione
581 2303 665 2374 fidei
689 2304 908 2374 rudimentis
933 2325 1149 2394 morumque
1172 2306 1377 2394 praeceptis
1404 2311 1529 2377 sancte
1553 2307 1684 2378 instru-

182 2431 275 2510 ctuS,
292 2433 489 2516 postquam
515 2427 553 2496 in
569 2448 740 2517 agrorum
765 2429 907 2498 cultura
931 2433 967 2497 et
983 2428 1021 2497 in
1041 2428 1252 2500 domesticis
1276 2430 1432 2519 negotiis
1449 2431 1557 2500 suam‘
1576 2453 1681 2520 opem

184 2551 412 2634 contulisset,
428 2572 527 2621 anno
551 2551 683 2621 aetatis
706 2552 883 2641 vigesimo
908 2553 1081 2637 seeundo,
1094 2573 1262 2624 recessus
1285 2554 1549 2643 tranquillitate
1573 2561 1683 2645 atque

186 2675 370 2745 intimiore
398 2696 479 2745 cum
505 2676 583 2746 Deo
614 2676 874 2747 coniunctione
905 2677 1051 2762 selecta,
1075 2679 1123 2748 ad
1146 2678 1244 2748 illius
1275 2678 1431 2748 civitatis
1462 2685 1681 2750 conventum

185 2801 220 2870 S.
244 2801 395 2890 losephi
419 2823 442 2871 a
466 2801 683 2890 Cupertino,
709 2801 858 2873 Ordinis
889 2803 1067 2872 lliuorum
1095 2803 1414 2888 Conventualium‚
1438 2811 1569 2892 sponte
1599 2825 1683 2874 con-

184 2928 333 2998 volavit.
351 2927 418 2997 Die
441 2927 548 2997 tertia
571 2926 776 2997 decembris
799 2949 897 2997 anno
917 2927 1002 2997 1831
1026 2927 1214 3017 religionis
1229 2933 1369 2998 vestem
1394 2927 1513 2998 induit
1529 2934 1574 3013 et,
1592 2935 1684 3015 tyro·

183 3053 280 3124 cinio
304 3051 538 3123 laudabiliter
560 3058 720 3140 peract0,
743 3074 842 3122 anno
870 3053 1121 3142 subsequenti,
1145 3053 1203 3123 die
1227 3074 1327 3122 nona
1350 3053 1513 3124 eiusdem
1546 3054 1684 3124 mensis

183 3177 401 3260 decembris
424 3182 552 3247 sancta
581 3177 744 3267 gestiens
774 3177 923 3263 laetitia,
947 3177 1126 3248 solemnia
1154 3181 1240 3246 vota
1269 3178 1459 3265 professus
1489 3183 1556 3248 est.
1581 3177 1683 3248 lllico

183 3301 367 3371 Urbicum
390 3301 548 3370 mittitur
570 3301 778 3371 studiorum
802 3321 931 3386 causa;
956 3323 1030 3390 quo
1059 3307 1223 3389 tempore
1247 3322 1360 3390 quum
1386 3302 1622 3390 quotidianos
1645 3303 1683 3372 in

181 3425 317 3495 virtute
345 3447 389 3496 ac
413 3425 580 3496 doctrina
606 3427 742 3496 laceret
770 3427 973 3514 proiectus,
1005 3426 1053 3496 ad
1083 3426 1243 3496 minores
1270 3431 1307 3495 et
1337 3425 1494 3509 maiores
1526 3425 1684 3497 Ordines

182 3571 246 3638 per
268 3551 408 3640 gradus
431 3571 549 3640 usque
573 3551 621 3621 ad
644 3551 890 3621 sacerdotium
914 3551 1112 3621 ascendere
1136 3551 1280 3620 meruit.
1305 3550 1461 3621 Biennio
1485 3556 1579 3640 post,
1594 3553 1684 3622 Ben-

180 3681 344 3746 venutus
367 3676 440 3746 iam
464 3676 636 3746 sacerdos
658 3675 863 3760 Pisaurum,
880 3699 925 3745 ex
955 3677 1224 3746 moderatorum
1250 3675 1450 3760 voluntate,
1468 3697 1507 3746 se
1532 3678 1683 3761 confert,

180 3804 222 3869 ut
245 3799 372 3870 studio
397 3799 603 3888 theologiae
627 3800 777 3868 moralis
800 3799 1021 3870 theoreticae
1046 3804 1082 3869 et
1105 3801 1286 3887 practicae
1316 3803 1417 3869 totus
1446 3799 1684 3885 incumberet,

180 3923 345 4013 itemque
361 3929 476 3993 artem
501 3923 646 4008 artium,
659 3924 821 4012 regimen
845 3923 1063 4008 animarum,
1080 3923 1212 3994 melius
1235 3923 1449 3995 addisceret.
1463 3925 1571 3994 Anno
1597 3925 1682 3994 1837

180 4051 430 4120 Camerauum
454 4049 646 4133 concessit,
670 4047 733 4117 ubi
759 4048 961 4118 maximum
989 4050 1046 4119 sui
1075 4049 1296 4120 desiderium
1325 4047 1473 4138 reliquit
1497 4071 1580 4119 cum
1605 4071 1684 4120 eoe-

178 4175 295 4245 nobio
312 4174 466 4243 Fractae
489 4173 722 4262 praepositus
738 4173 816 4243 luit.
834 4173 947 4244 Sacro
971 4173 1156 4258 tribunali,
1172 4174 1411 4244 concionibus
1430 4175 1477 4243 ad
1493 4175 1683 4263 populum,

178 4299 340 4388 infirmis
371 4302 407 4368 et
435 4297 677 4368 morientibus
707 4299 874 4369 sedulam
906 4299 1087 4387 praestitit
1118 4320 1283 4388 operam,
1308 4319 1347 4368 se
1375 4299 1473 4368 enim
1505 4304 1683 4370 hoccinem

176 4428 309 4511 populi
333 4423 453 4493 dicere
477 4423 628 4492 solebat.
654 4423 750 4492 Dum
775 4424 872 4494 dicto
896 4425 1075 4494 coenobio
1098 4430 1277 4512 praeerat,
1301 4425 1411 4493 etiam
1436 4424 1472 4494 S.
1488 4423 1607 4494 Officii
1624 4424 1683 4492 Vi-

179 4549 304 4619 carius
328 4548 468 4616 electus
490 4546 560 4617 luit
582 4553 693 4636 atque
718 4547 930 4619 huiusmodi
962 4570 1098 4618 munus
1129 4549 1235 4618 suavi
1265 4548 1477 4618 fortitudine
1508 4549 1681 4619 exercuit.

181 4675 258 4744 Deo
294 4695 362 4762 per
391 4672 639 4742 moderatores
670 4672 724 4743 sic
746 4673 983 4761 disponente,
1007 4673 1118 4743 anno
1141 4674 1228 4742 1844
1250 4673 1288 4742 in
1316 4673 1469 4756 patriam
1501 4695 1682 4758 reversus,

183 4799 425 4870 Benvenutus
448 4797 623 4867 idoneum
645 4802 818 4883 tyronum
845 4798 1061 4887 magistrum
1077 4819 1116 4867 se
1133 4797 1309 4882 exhibuit,
1326 4799 1453 4878 donec,
1469 4818 1567 4867 anno
1586 4799 1682 4882 1861,

181 4925 228 4992 oh
244 4922 393 4992 illorum
421 4926 631 5010 temporum
647 4921 883 4992 acerbitatem
901 4943 944 4992 ac
960 4922 1144 4991 tristitiam
1161 4942 1360 5011 suppresso
1378 4922 1556 4992 coenobio
1573 4929 1682 5013 atque

180 5045 346 5135 expulsis
381 5045 631 5135 dispersisque
654 5047 856 5130 sodalibus
880 5047 959 5134 ipse
994 5047 1095 5117 solus
1120 5068 1202 5117 curn
1238 5046 1338 5116 socio
1363 5047 1542 5116 Basilicas
1567 5047 1602 5117 S.
1628 5048 1683 5117 Io-

182 5171 285 5259 sephi
309 5176 430 5242 rector
454 5176 492 5240 et
515 5175 640 5240 custos
663 5171 813 5242 relictus
837 5176 902 5241 est.
927 5173 1035 5241 Anno
1058 5193 1145 5242 vero
1172 5172 1258 5241 1866
1284 5193 1413 5241 servus
1438 5171 1504 5241 Dei
1528 5172 1681 5242 eandem

183 5297 363 5367 sodalium
388 5301 529 5366 sortem
552 5317 686 5384 passus
710 5297 807 5368 etin
830 5318 946 5385 parva
969 5299 1079 5366 domo
1106 5298 1242 5385 hospes
1265 5301 1299 5366 el
1325 5297 1466 5366 amicus
1497 5303 1682 5385 exceptus

184 5421 349 5506 parochis
373 5419 539 5492 civitatis
561 5421 758 5491 auxiliator
784 5421 926 5492 adstitit
948 5422 1054 5492 valde
1077 5421 1177 5491 utilis
1202 5421 1240 5490 in
1264 5421 1436 5491 omnibus
1460 5421 1554 5491 sacri
1579 5421 1684 5490 mini-

182 5545 277 5617 sterii
310 5546 505 5638 operibus
530 5545 703 5632 Tandem,
727 5545 940 5635 apostolicis
973 5546 1164 5616 laboribus
1195 5552 1399 5634 praestans
1423 5546 1481 5616 die
1505 5545 1683 5634 vigesima
