4120 6284
675 463 707 520 S.
729 463 928 533 Gonareoaiie
946 464 1082 520 litterum.

141 559 452 570 ——·——————-

732 774 801 843 Duc
827 775 1035 845 19Mnnr11.

236 933 277 1002 Iu
302 932 651 1004 Couuauoarrroun
683 955 839 1004 soccum
871 935 908 1005 S.
932 934 1072 1006 Josnra
1104 936 1236 1006 Sronsr
1269 938 1308 1006 B.
1334 937 1377 1006 M.
1404 936 1445 1006 V.
1470 937 1628 1006 Consus-

138 1059 246 1109 sorus.
271 1043 415 1127 Dupiea
437 1045 465 1114 I.
489 1046 626 1112 classis

221 1220 267 1286 In
291 1222 363 1305 fine
386 1225 519 1290 mensis
541 1222 694 1306 Aprilis:

602 1434 788 1505 Dounuca
813 1434 876 1505 III.
902 1453 994 1506 rosa
1019 1436 1175 1505 Pusam.

222 1611 262 1680 In
288 1612 546 1682 Sonaunrrrra
572 1614 607 1683 S.
633 1613 773 1682 Josnrn
798 1613 930 1684 Sronsr
955 1615 996 1684 B.
1017 1614 1060 1683 M.
1077 1614 1117 1683 V.
1134 1621 1170 1683 et
1192 1614 1377 1685 Ecclesiae
1400 1613 1628 1684 Universalis

143 1719 295 1799 Patroni,
320 1720 560 1790 Confessoris.
584 1723 691 1807 Dupt.
716 1721 743 1788 L
768 1724 897 1790 cluens
919 1744 999 1790 cnm
1024 1724 1164 1790 Octava.

236 1937 284 2002 In
306 1937 376 2019 fine
402 1936 514 2020 Officii
536 1937 794 2020 supprimatur
817 1937 976 2004 Rubriae
1000 1935 1039 2005 Si
1062 1935 1133 2006 hoc
1160 1936 1310 2006 Festum
1342 1935 1545 2006 celebretur
1566 1939 1625 2004 eta.

364 2184 681 2254 demultum
706 2184 884 2255 Ocravrn
909 2185 1178 2255 Socauurrarrs
1203 2185 1238 2255 S.
1264 2186 1412 2255 Josarn.

239 2380 374 2450 Omnia
396 2386 438 2449 ut
461 2380 500 2449 in
524 2381 632 2451 Festo
656 2386 801 2471 praeter
825 2381 1032 2470 sequentia:
1057 2381 1099 2450 In
1125 2381 1151 2451 Ι.
1172 2381 1359 2450 Nocturna
1377 2380 1567 2450 Lectiones
1584 2382 1628 2451 de

140 2489 324 2578 Scriptura
348 2493 571 2558 occurrente.
596 2487 640 2558 In
664 2487 708 2558 II.
733 2489 921 2558 Nocturna
945 2490 996 2556 De
1018 2509 1177 2557 sarrana
1199 2490 1236 2557 S.
1253 2489 1480 2556 Bernardini
1504 2488 1630 2556 Senen-

137 2598 185 2663 sis
207 2597 276 2662 etc.
295 2591 355 2682 (Ut
377 2595 419 2659 in
444 2593 632 2660 octavario
654 2593 815 2661 &mano
832 2613 902 2677 pro
928 2593 1058 2662 Oetaea
1080 2594 1281 2661 Patrocinii
1304 2593 1339 2660 S.
1362 2592 1517 2682 Josepb).

236 2701 284 2766 nt
307 2701 360 2766 sic
380 2702 422 2766 in
444 2699 669 2784 sequentibus
687 2700 806 2767 Feriis
820 2699 886 2766 ΠΙ.
910 2699 973 2766 IV.
1000 2700 1036 2768 V.
1060 2700 1115 2767 VI.
1139 2701 1170 2766 et
1194 2698 1356 2781 Sabbata,
1371 2699 1543 2767 adhibitis
1563 2720 1630 2782 pro

138 2809 288 2876 Subicio
313 2807 544 2888 Lectionibus,
568 2809 726 2892 quaein
751 2807 937 2876 Octavaria
959 2807 1136 2875 auena
1153 2827 1223 2892 pro
1245 2808 1303 2874 die
1329 2807 1468 2874 Oetaea.

235 2915 419 2982 mama
440 2913 506 2979 HI.
532 2913 703 2981 Nocturni
726 2913 874 2982 Sabbata·
896 2917 952 2980 ita
974 2915 1208 2982 dimicentur:

238 3019 364 3090 Lectio
388 3018 463 3086 VII.
486 3019 633 3086 Natalis
657 3020 801 3087 hodie...
825 3021 942 3104 fitium
960 3023 1190 3105 protestatur.

237 3126 363 3197 Lectio
387 3124 481 3194 VIII.
505 3126 724 3194 Honoratior
733 3179 784 3195 .....
809 3129 839 3194 et
862 3129 938 3211 ipse
961 3127 1072 3212 saber.

237 3233 363 3304 Lectio
388 3231 449 3301 IX.
473 3234 553 3316 Ipse
576 3235 673 3298 enim
686 3284 738 3301 .....
762 3235 958 3318 deputetur.

235 3343 415 3410 Similiter
435 3343 478 3406 in
503 3339 708 3408 mannaim
729 3340 791 3407 IV.
815 3343 846 3407 et
875 3340 949 3409 VII.
973 3343 1129 3428 ejusdem
1159 3341 1308 3408 Sabboti
1333 3343 1515 3426 sequentes
1537 3341 1628 3424 fiant

134 3453 381 3519 communes:

235 3557 283 3624 ln
306 3555 468 3623 Lectione
490 3557 514 3623 I
517 3555 552 3622 V.
571 3574 641 3638 pro
662 3554 792 3622 verbis:
817 3559 921 3640 pater
944 3554 1034 3643 ejus,
1048 3559 1244 3640 utrumque
1269 3557 1401 3638 mente,
1417 3573 1493 3622 non
1510 3572 1629 3636 earne,

129 3667 315 3749 parcatur:
343 3666 447 3749 pater
471 3661 562 3750 eius,
586 3659 682 3730 sicut
712 3660 845 3749 conjux
880 3660 1009 3730 matris
1040 3661 1131 3751 ejus,
1163 3663 1360 3748 utrumque
1392 3663 1525 3743 mente,
1554 3679 1629 3728 non

132 3791 254 3840 earne.

238 3877 284 3944 In
307 3877 467 3944 Lectione
496 3875 571 3942 VH.
591 3895 661 3960 pro
681 3875 810 3943 uerbis:
834 3873 872 3943 In
895 3873 965 3943 hac
991 3894 1032 3942 se
1056 3873 1174 3958 Pater,
1198 3871 1262 3961 qui
1293 3873 1520 3958 credebatur,
1544 3872 1631 3943 insi-

134 3987 236 4066 nuat,
254 3985 439 4067 ponatur:
461 3979 500 4049 in
522 3979 592 4049 hac
614 4000 654 4049 se
679 3979 796 4064 Pater,
820 3978 882 4068 qui
906 3999 982 4047 non
1006 3978 1231 4063 credebatur,
1255 3977 1429 4048 Insinuat.

238 4090 321 4157 Post
338 4087 533 4156 Sabbataun
546 4090 653 4178 infra
670 4089 836 4156 Oetaeam
852 4086 1096 4155 Solemnitatts
1108 4086 1143 4155 S.
1159 4087 1299 4172 Joseph,
1309 4089 1472 4170 ponatur
1482 4106 1631 4172 sequens

239 4301 421 4389 Vesperae
446 4299 618 4370 dicuntur
642 4298 686 4368 de
710 4299 879 4387 sequenti
903 4298 1094 4368 Dominica
1125 4303 1161 4368 et
1183 4298 1222 4368 in
1256 4298 1311 4368 eis
1338 4296 1377 4366 fit
1409 4318 1628 4368 commemo·

143 4406 232 4476 ratio
254 4406 504 4496 praecedentis
528 4405 598 4476 diei
623 4404 700 4474 VII.
725 4404 819 4474 infra
845 4404 1034 4489 Octavam,
1059 4425 1142 4474 eum
1166 4405 1249 4474 Ant
1274 4409 1311 4474 et
1334 4406 1367 4490 Ῡ.
1392 4404 1437 4475 de
1462 4402 1628 4491 ILVesp.

148 4511 253 4583 Festi:
270 4514 301 4585 si
316 4519 441 4585 autem
464 4515 502 4583 in
527 4513 689 4584 Sabbata
706 4513 842 4582 iactum
859 4511 969 4581 bresit
982 4511 1149 4583 Officium
1168 4512 1212 4582 de
1235 4511 1360 4600 aliquo
1381 4511 1474 4581 festo
1492 4511 1553 4580 IX.
1570 4511 1630 4580 Le-

148 4619 310 4708 ctionum,
334 4621 376 4691 tit
399 4642 489 4691 com.
514 4619 586 4690 diei
611 4619 771 4689 Octavae
796 4638 880 4688 cum
903 4618 986 4688 Ant.
1011 4623 1048 4688 et
1069 4621 1103 4705 i.
1129 4639 1147 4687 e
1172 4618 1199 4688 l.
1223 4617 1330 4707 Vesp.
1350 4617 1460 4688 Festi.

245 4726 417 4817 Sequenti
441 4726 499 4796 die
523 4725 564 4794 lit
588 4726 632 4796 de
649 4725 842 4796 Dominica
858 4725 915 4794 IV.
932 4731 1016 4815 post
1034 4726 1185 4811 Pascha,
1209 4725 1280 4795 nisi
1297 4729 1464 4795 occurrat
1481 4725 1628 4794 Festum

151 4830 296 4919 Domini,
319 4839 383 4904 aut
406 4832 551 4921 Duplex
575 4831 601 4902 I.
626 4837 691 4902 aut
714 4831 759 4901 II.
784 4831 923 4917 classis,
947 4853 1031 4902 eum
1055 4831 1402 4902 commemoratione
1430 4831 1501 4902 dIei
1527 4831 1630 4901 Oeta·

150 4957 212 5006 rae
235 4939 269 5008 in
292 4940 404 5010 Laud.
428 4943 466 5009 et
488 4939 533 5008 II.
559 4939 739 5028 Vesperis.

599 5113 641 5238 Iu
665 5169 785 5238 Fnsro
814 5169 879 5240 SS.
904 5169 1042 5239 Connrs
1066 5168 1166 5238 Insa.

243 5385 363 5454 Prima
385 5386 549 5454 Rubrica
571 5387 623 5452 sic
645 5386 867 5469 corripatnr:
890 5383 1072 5472 Vesperae
1096 5381 1267 5452 dicuntur
1291 5380 1336 5450 de
1361 5380 1501 5450 Octava
1525 5378 1630 5449 SSmi

152 5482 307 5576 Corporis
319 5491 454 5565 Christi
467 5489 549 5561 sine
561 5488 637 5558 ulla
654 5489 1011 5559 commemoratione.
1030 5488 1068 5558 Si
1085 5493 1208 5559 autem
1223 5486 1456 5576 praecedenti
1472 5485 1577 5556 Faria
1589 5485 1630 5554 V.
