4038 6274
389 441 441 499 116
705 448 784 502 Aeto
802 447 992 516 Apostolicoc
1011 441 1108 504 Sedis.
1128 475 1147 488 -
1168 447 1427 504 commentorium
1449 448 1589 515 officiam.

389 655 407 691 «
424 634 635 700 constanter
650 632 800 701 fuerunt
816 659 846 699 ».
864 632 976 701 Notat
991 637 1181 720 praeterea
1197 632 1303 704 Card.
1323 631 1507 720 Gasparri,
1522 634 1576 700 De
1587 635 1745 701 matrim.
1757 633 1819 700 eol.
1831 634 1874 716 ll,

388 777 422 824 a.
448 761 546 840 1419,
570 759 651 826 edit.
667 759 743 828 III:
770 757 945 827 «Pariter
967 757 1096 828 folium
1122 758 1157 828 S.
1183 757 1221 829 C.
1248 758 1286 829 G.
1311 759 1348 828 in
1374 757 1647 842 Panormitano,
1671 743 1876 827 nullit'ma-

389 906 407 941 ‹
424 879 519 950 trim.
536 881 580 950 30
600 888 690 969 sept.
710 883 796 952 1719
811 883 942 953 tradit:
959 889 978 920 “
993 883 1028 952 S.
1047 882 1290 973 Congregatio
1307 883 1456 971 saepius
1468 881 1660 971 respondit
1674 881 1784 951 hodie
1800 887 1875 968 post

390 1005 627 1076 «Concilium
656 1008 753 1078 Trid.
777 1009 1052 1080 matrimonium
1089 1015 1189 1080 metu
1224 1014 1463 1093 contractum,
1498 1013 1654 1098 purgato
1686 1013 1785 1077 metu
1818 1029 1876 1096 per

391 1131 735 1203 «cohabitationem
759 1119 842 1204 cum
867 1135 1004 1204 carnali
1028 1135 1162 1223 copula
1184 1134 1350 1224 aliosque
1374 1139 1490 1220 actus,
1507 1155 1582 1203 non
1603 1131 1796 1202 revalidari
1812 1131 1875 1201 nisi

391 1255 556 1325 «iterum
580 1258 829 1342 contrahatur,
854 1258 1019 1329 adhibita
1050 1280 1178 1329 rursus
1211 1259 1376 1329 eiusdem
1393 1237 1550 1329 Conciliiv
1571 1257 1731 1327 lorma”.
1750 1255 1878 1326 Confir-

391 1408 408 1443 «
427 1385 547 1450 matur
570 1403 615 1452 111
638 1381 925 1471 iurisprudentia
960 1384 1125 1455 eiusdem
1151 1384 1186 1455 S.
1212 1383 1250 1455 C.
1275 1403 1370 1472 quae
1406 1384 1561 1472 probato
1598 1386 1714 1465 metu,
1739 1381 1875 1451 nullum

391 1534 409 1567 «
425 1506 640 1593 pronuntiat
675 1508 967 1593 matrimonium,
1003 1509 1113 1579 etiam
1149 1514 1232 1598 post
1267 1509 1478 1579 diuturnam
1514 1507 1823 1578 cohabitationem
1846 1512 1879 1576 et

390 1659 408 1694 ‹
424 1629 547 1719 plures
563 1632 710 1703 habitos
725 1632 831 1719 filios,
848 1634 1061 1704 nullatenus
1077 1633 1235 1704 sollicita
1250 1636 1295 1704 dc
1312 1655 1499 1704 consensu
1514 1632 1695 1722 privatim,
1713 1651 1879 1718 expresse

390 1755 484 1824 «vel
506 1755 626 1841 tacite,
651 1757 875 1846 praestito».

493 1880 603 1950 Hisce
626 1881 829 1970 perpensis,
852 1881 973 1952 visum
996 1887 1053 1952 est
1075 1883 1153 1952 RR.
1177 1881 1348 1953 Patribus
1372 1883 1552 1953 efficacem
1577 1903 1653 1951 non
1676 1901 1758 1951 esse
1788 1901 1882 1950 exce·

388 2007 551 2095 ptionem
568 2007 789 2097 suspicionis
802 2015 1007 2098 promotam
1021 2031 1043 2078 a
1056 2009 1256 2079 Defensore
1272 2008 1409 2079 vinculi
1422 2010 1600 2078 adversus
1616 2006 1790 2076 universe
1804 2011 1882 2075 acta

389 2152 594 2219 processus,
618 2132 776 2203 maxime
800 2133 888 2222 quia
910 2139 1035 2219 testes,
1049 2133 1166 2223 ipsius
1191 2134 1226 2204 S.
1246 2133 1352 2205 Sedis
1376 2132 1593 2204 auctoritate
1606 2131 1717 2215 citati,
1739 2131 1778 2200 in
1798 2130 1883 2200 iudi·

389 2257 484 2326 cium
510 2279 720 2346 comparere
754 2264 991 2344 recusarunt;
1028 2281 1116 2329 nam
1149 2259 1400 2330 excusationis
1435 2279 1603 2342 caussae,
1631 2258 1679 2327 ob
1712 2257 1883 2326 adiuncta

389 2385 478 2467 scoti
513 2382 586 2451 iam
621 2404 811 2471 perpensa,
846 2384 947 2454 visae
983 2389 1070 2454 sunt
1105 2384 1327 2454 sufficientes
1362 2382 1409 2453 ad
1443 2381 1667 2452 reddendam
1703 2379 1881 2450 rationem

390 2525 514 2574 eorum
540 2507 803 2590 contumaciae,
828 2508 997 2596 quamvis
1020 2508 1112 2578 haec
1136 2513 1232 2578 certe
1256 2507 1448 2596 probanda
1469 2527 1545 2575 non
1568 2505 1625 2589 sit,
1649 2525 1732 2574 cum
1757 2524 1881 2574 eorum

388 2630 481 2701 ratio
514 2631 645 2720 agendi
678 2631 726 2701 sit
756 2631 877 2701 aliena
907 2653 929 2702 1
959 2632 1095 2721 regulis
1130 2631 1220 2702 iuris
1251 2635 1287 2702 et
1317 2630 1365 2700 ab
1395 2630 1572 2719 obsequio
1607 2628 1885 2699 Ecclesiastioae

388 2755 606 2827 Auctoritati
623 2757 757 2828 debito.
776 2757 866 2827 ltem
880 2757 1177 2828 animadversum
1190 2757 1269 2842 fuit,
1282 2757 1382 2845 quod
1395 2756 1527 2825 horum
1540 2755 1690 2825 testium
1703 2753 1885 2842 depositio

388 2882 505 2971 magis
529 2888 607 2952 1111
630 2881 866 2970 exquirenda,
879 2881 1015 2970 quippe
1039 2881 1102 2970 qui
1127 2882 1359 2951 habebantur
1382 2878 1435 2949 uti
1458 2883 1572 2948 testes
1593 2900 1637 2947 eor
1651 2882 1761 2963 officio
1786 2875 1885 2947 citati

388 3009 436 3078 ab
460 3007 542 3096 ipsa
566 3006 600 3076 S.
626 3005 664 3076 C.
690 3005 842 3076 Concilii
867 3007 1084 3076 auctoritate
1108 3006 1150 3074 D.
1177 3007 1218 3076 N.
1243 3004 1299 3075 Pii
1324 3006 1446 3093 Papae
1470 3004 1523 3073 X:
1549 3009 1585 3074 et
1609 3003 1644 3073 S.
1663 3002 1701 3072 C.
1720 3001 1886 3082 Consilii,

388 3155 463 3203 non
486 3132 599 3201 semel
625 3131 725 3200 hisee
741 3129 852 3201 ctiam
870 3131 1065 3218 postremis
1089 3131 1208 3215 annia,
1224 3151 1378 3201 caussae
1402 3128 1663 3212 definitionem,
1687 3127 1756 3197 etsi
1774 3133 1887 3197 testes

388 3256 600 3345 apartibus
624 3255 773 3326 adducti
796 3275 873 3325 rem
898 3255 1049 3325 omnino
1074 3254 1239 3325 evincere
1264 3254 1484 3338 viderentur,
1504 3253 1648 3324 differre
1672 3252 1828 3336 censuit,
1845 3273 1888 3320 11

388 3379 593 3471 significata
628 3386 760 3464 mente,
784 3379 923 3449 scilicet
958 3379 1157 3449 desiderari
1192 3385 1306 3449 testes
1340 3399 1383 3450 eto
1418 3383 1536 3464 officio,
1566 3377 1620 3448 uti
1644 3377 1682 3446 in
1707 3377 1887 3447 Parisien.

388 3505 545 3575 matrim.
575 3504 713 3574 mensis
736 3503 813 3573 iulii
840 3504 936 3573 1897.
971 3503 1137 3573 -Nihilo
1177 3525 1284 3574 secus
1319 3503 1440 3572 visum
1474 3508 1530 3572 est
1567 3501 1738 3572 Patribus
1775 3501 1888 3591 quod,

387 3629 560 3700 omnibus
583 3628 743 3712 attentis,
760 3649 894 3698 caussa
917 3627 1065 3697 testium
1083 3628 1334 3698 contumaciae
1351 3627 1462 3696 tribui
1475 3647 1550 3696 non
1567 3647 1676 3714 posse
1694 3627 1889 3714 proposito

387 3754 595 3826 ooNudendi
620 3776 702 3824 cum
727 3753 880 3837 Actrice,
904 3745 970 3824 seu
994 3775 1070 3823 non
1093 3753 1278 3823 revelandi
1303 3753 1400 3822 11111
1430 3751 1510 3822 eius
1541 3772 1693 3822 caussae
1718 3753 1889 3834 adversa,

388 3878 453 3949 sed
477 3877 564 3967 quia
586 3899 714 3947 revera
736 3877 950 3948 huiusmodi
974 3878 1072 3947 facta
1104 3876 1161 3947 vel
1183 3877 1403 3966 ignorabant
1429 3876 1488 3972 vel
1518 3877 1556 3945 in
1588 3876 1724 3946 iudicio
1754 3877 1888 3947 eadem

387 4000 603 4072 confirmare
626 4001 736 4070 nimis
759 4001 1017 4091 gravabantur.
1042 4002 1236 4071 Praeterea
1257 4001 1400 4071 veritati
1417 4022 1491 4070 non
1508 4007 1564 4070 est
1580 4000 1768 4102 conforme
1787 4002 1891 4090 quod

388 4124 518 4195 asserit
542 4124 652 4195 Curia
676 4125 864 4195 Sabarien.
888 4125 958 4195 hos
980 4131 1094 4195 testes
1117 4125 1219 4213 ipsos
1243 4145 1464 4213 provocasse
1487 4147 1593 4196 suam
1618 4123 1833 4196 citationem
1853 4125 1891 4194 in

386 4251 579 4321 iudicium:
597 4271 681 4320 nam
703 4250 852 4320 aliunde
872 4251 986 4320 luisse
999 4271 1063 4320 eos
1075 4255 1296 4339 provocatos
1308 4251 1347 4320 in
1360 4250 1545 4334 iudicium,
1563 4254 1708 4320 constat
1720 4251 1802 4320 Dl).
1820 4251 1892 4320 Au·

387 4374 577 4444 ditoribus.

490 4499 684 4586 Perperam
711 4497 822 4566 etiam
837 4497 981 4581 dicitur,
997 4497 1291 4568 incredulitatem
1316 4517 1444 4584 sapere
1459 4499 1596 4568 factum
1621 4497 1721 4585 quod
1738 4497 1891 4566 Natalia

386 4641 451 4708 pcr
473 4639 593 4690 annos
616 4641 710 4708 pene
734 4618 861 4709 viginti
878 4619 1167 4690 infelicissimam
1184 4620 1297 4710 egerit
1312 4619 1425 4689 vitam
1443 4640 1525 4690 cum
1543 4621 1619 4690 viro
1637 4625 1673 4690 11
1688 4620 1735 4690 ab
1753 4621 1888 4691 eodem

386 4765 426 4814 se
448 4744 604 4815 liberare
628 4765 703 4814 non
727 4745 918 4831 studuerit,
938 4745 1009 4814 nisi
1033 4750 1229 4834 postquam
1245 4745 1298 4814 vir
1314 4765 1395 4814 eam
1412 4745 1654 4834 dereliquerit.
1673 4745 1720 4814 At
1736 4745 1892 4816 Natalia

387 4891 426 4940 se
450 4870 604 4941 liberare
627 4891 703 4939 non
727 4870 892 4958 potuita
916 4869 990 4940 vita
1014 4869 1207 4959 coniugali,
1231 4892 1299 4940 suo
1330 4871 1475 4942 vivente
1511 4876 1634 4958 patre;
1671 4877 1891 4942 constanter

386 4995 483 5064 enim
504 4995 563 5064 hic
581 5001 709 5064 contra
724 4996 823 5064 illam
841 4995 1035 5065 ferebatur.
1053 4996 1196 5064 Mortuo
1213 4999 1326 5083 patre,
1344 5001 1454 5085 atque
1471 5017 1569 5065 anno
1587 4995 1709 5065 luctus
1726 4997 1890 5084 expleto,

385 5119 568 5189 sententia
592 5119 739 5189 divortii
763 5119 877 5208 petita
908 5140 983 5188 non
1014 5120 1083 5189 fuit
1111 5120 1159 5189 ob
1190 5121 1317 5189 matris
1341 5120 1495 5190 Actricis
1525 5119 1804 5206 infirmitatern3
1842 5121 1891 5191 ob

385 5243 551 5313 eiusdem
567 5243 720 5313 Actricis
744 5265 831 5333 erga
853 5245 1050 5332 puerulum
1075 5243 1271 5333 Georgium
1289 5244 1530 5328 affectionem,
1555 5245 1618 5332 qui
1642 5243 1777 5314 debilis
1804 5266 1891 5314 cum

384 5373 493 5453 esset,
516 5367 662 5438 auxiliis
697 5369 827 5457 egebat
862 5369 1057 5453 maternis;
1093 5369 1141 5438 ob
1176 5369 1298 5439 fratris
1332 5369 1487 5439 Actricis
1521 5369 1810 5457 oppositionem,
1844 5377 1890 5454 et,

384 5495 581 5578 postremo,
605 5493 654 5560 ad
677 5491 878 5560 curandam
901 5491 953 5560 rei
978 5491 1169 5562 familiaris
1192 5492 1509 5581 compositionem.
