4038 6274
672 503 704 558 S.
728 502 929 572 Gonqrepatio
948 501 1085 558 situum.
1577 498 1628 556 107

1203 599 1411 612 -.,--.,-

140 687 302 758 Psalmus
337 687 453 758 eritne
487 690 653 758 Laudato
676 691 887 773 Dominum,
919 694 959 758 ut
992 687 1030 756 in
1061 687 1187 776 primis
1211 685 1393 776 Vesperis,
1418 685 1474 756 vel
1505 685 1629 774 potius

141 815 178 880 la
199 816 298 882 coea'tu
321 815 447 898 Israel,
472 818 513 883 ut
536 812 573 883 in
597 812 773 884 secundis
796 812 995 901 Vesperisi

235 937 349 1008 Sacra
371 958 480 1026 porro
505 938 655 1008 Rituum
684 937 939 1028 Congregatio,
963 939 1012 1008 ad
1034 937 1247 1008 relationem
1279 935 1475 1025 subscripti
1507 935 1631 1006 Secre-

145 1061 228 1147 tarii,
251 1083 363 1151 reque
387 1068 558 1133 accurato
583 1063 751 1133 examine
775 1083 967 1150 perpensa.
991 1061 1268 1133 rescribendum
1289 1059 1450 1132 censuit:

238 1186 293 1256 Ad
317 1187 343 1255 l.
368 1187 592 1257 Affirmative
617 1186 655 1256 in
678 1186 863 1256 omnibus.

237 1311 292 1380 Ad
317 1311 361 1379 ll.
386 1310 622 1381 Affirmative.

238 1435 293 1504 Ad
318 1434 380 1504 lll.
406 1434 632 1505 Affirmative
655 1434 703 1504 ad
727 1435 882 1524 primam
907 1441 1061 1523 partem,
1085 1433 1254 1524 negative
1279 1434 1326 1504 ad
1350 1434 1560 1504 secundam.
1633 1514 1635 1520 ¹

238 1558 292 1628 Ad
316 1559 375 1628 IV.
398 1558 623 1629 Affirmative
646 1559 694 1628 ad
718 1559 873 1647 primam
899 1563 1052 1648 partem,
1077 1557 1246 1648 negative
1270 1557 1318 1628 ad
1342 1557 1553 1628 secundam.

240 1685 355 1774 Atque
380 1683 431 1754 ita
453 1684 651 1772 rescripsit,
676 1685 734 1755 die
758 1686 780 1754 9
803 1683 992 1755 Februarii
1019 1685 1115 1754 teta.

499 1883 556 1952 Fr.
582 1883 617 1953 S.
644 1882 756 1953 Casu.
782 1883 1021 1967 Mlnrrrrsam,
1046 1871 1262 1967 Praefectus.

240 1971 389 2060 nugs

494 2082 519 2168 †
543 2081 674 2150 Petrus
697 2080 750 2149 La
772 2079 964 2164 Fontaine,
988 2078 1109 2168 Episc.
1134 2077 1375 2166 Charystien,
1399 2080 1630 2149 Secretarius.

858 2418 911 2500 V.

593 2595 831 2665 LITTERAE
861 2593 1173 2665 CIRCULARES.

228 2826 346 2912 Quum
379 2848 490 2916 saepe
518 2825 667 2915 saepius
698 2847 721 2895 a
745 2826 858 2897 Sacra
885 2825 1037 2896 Rituum
1063 2824 1354 2915 congregatione
1391 2823 1633 2913 exquirantur

152 2951 328 3022 facultates
352 2951 564 3022 celebrandi
588 2950 737 3022 Missam
763 2951 808 3021 de
831 2951 972 3040 Requie
996 2972 1062 3039 pro
1087 2949 1271 3022 defunctis
1294 2949 1334 3020 in
1356 2950 1452 3020 bello
1477 2947 1632 3037 Tripoli·
1724 2983 1728 3000 ·

151 3081 225 3146 tono
246 3076 451 3147 Dominicis
475 3075 629 3165 aliisque
660 3075 764 3147 iestis
795 3077 840 3146 de
871 3082 1077 3165 praecepto,
1108 3075 1147 3145 in
1181 3075 1317 3164 quibus
1347 3073 1475 3146 haberi
1511 3079 1633 3162 potest

151 3201 253 3269 maior
274 3200 440 3271 fidelium
463 3199 684 3289 frequentia3
702 3200 815 3288 Sacra
838 3200 966 3271 eadem
984 3199 1226 3290 Congregatio
1251 3203 1375 3269 monet
1398 3199 1513 3268 Rmos
1536 3197 1632 3268 loco-

151 3344 217 3393 mm
242 3323 458 3396 Ordinarios
482 3325 583 3414 quod
607 3324 872 3395 sanctissimus
896 3324 1078 3394 Dominus
1102 3325 1234 3396 Noster
1257 3307 1347 3394 Piu's
1364 3324 1465 3412 Papa
1481 3323 1515 3393 X
1530 3322 1632 3392 hisce

152 3449 305 3534 precibus
328 3471 372 3520 ac
395 3449 490 3519 votis
515 3449 601 3520 oleri
625 3447 818 3538 plebisque
846 3448 966 3520 fidelis
996 3449 1281 3520 clementissime
1313 3448 1492 3532 deferens,
1516 3469 1630 3537 quum

152 3578 264 3642 sancta
285 3578 322 3643 et
345 3572 505 3642 salubris
529 3573 577 3643 sit
600 3594 667 3662 pro
691 3573 876 3643 defunctis
899 3572 1074 3658 exoratio,
1097 3594 1192 3662 quae
1220 3572 1330 3642 etiam
1358 3572 1512 3642 afflictos
1535 3592 1632 3640 moe·

151 3715 218 3765 rore
239 3697 467 3787 propinquos
483 3697 598 3786 erigit,
615 3696 776 3787 benigna
791 3697 1065 3785 dispensatione
1081 3719 1104 3767 a
1119 3696 1255 3787 regulis
1278 3695 1456 3786 liturgicis
1478 3695 1632 3778 indulta,

152 3823 342 3905 permittere
359 3822 533 3912 dignatus
548 3827 671 3908 estut
685 3828 762 3893 tum
777 3822 991 3907 Dominicis,
1008 3844 1083 3892 non
1098 3827 1223 3893 tamen
1238 3821 1478 3912 privilegiatis
1493 3820 1633 3910 primae

150 3944 274 4031 elassis,
298 3951 376 4016 tum
410 3945 493 4016 aliis
524 3947 628 4017 festis
660 3946 705 4017 de
737 3952 933 4036 praecepto
968 3968 1063 4036 quae
1094 3967 1170 4016 non
1196 3946 1272 4016 sint
1302 3945 1465 4034 duplicia
1493 3943 1632 4033 primae

152 4068 201 4137 vel
221 4071 400 4141 secundae
425 4069 565 4163 classis,
588 4093 665 4141 una
688 4072 799 4142 Missa
826 4072 871 4142 de
895 4071 1037 4161 Requie
1068 4092 1151 4141 oum
1184 4074 1295 4141 cantu
1328 4076 1364 4140 et
1391 4067 1634 4157 subsequenti

155 4192 375 4266 Absolutione
399 4195 447 4265 ad
470 4194 665 4279 tumulum,
690 4195 727 4264 in
752 4195 925 4266 Ecclesiis
949 4217 1015 4266 seu
1040 4193 1219 4265 Oratoriis
1244 4192 1402 4283 publicis
1427 4191 1531 4262 iuxta
1553 4211 1634 4279 pru·

152 4317 230 4389 (lena
251 4321 441 4409 respectivi
466 4319 651 4391 Ordinarii
679 4320 867 4406 iudicium,
891 4318 1067 4391 celebrari
1091 4319 1232 4390 valeat:
1256 4317 1412 4389 servatis
1436 4317 1481 4387 de
1509 4323 1631 4386 cetero

154 4440 315 4515 Rubricis
333 4445 485 4515 Mandat
508 4449 632 4515 autem
655 4466 700 4514 ac
722 4445 901 4534 praecipit
917 4444 1100 4515 Sanctitas
1118 4443 1204 4529 Sua,
1221 4448 1263 4513 ut
1279 4443 1317 4512 in
1334 4441 1516 4512 eiusmodi
1532 4441 1634 4511 fune

156 4566 251 4652 ribus,
273 4571 340 4641 etsi
356 4571 449 4640 fiant
464 4570 595 4641 diebus
611 4591 634 4639 a
651 4571 724 4639 ritu
739 4569 940 4659 permissis,
956 4591 1077 4655 nemo,
1094 4569 1347 4657 cuiuscunque
1363 4568 1410 4637 sit
1435 4565 1633 4656 dignitatis,

156 4709 324 4764 sermones
348 4699 413 4764 aut
444 4694 617 4765 funebres
648 4695 858 4781 orationes,
882 4695 920 4765 in
945 4693 1139 4784 quibusvis
1163 4692 1338 4764 Ecclesiis
1362 4713 1429 4762 seu
1454 4689 1635 4762 Oratoriis

158 4813 273 4889 habere
293 4825 517 4910 praesumat

232 4959 292 5032 Die
314 4963 334 5032 3
357 4962 550 5033 Februarii
577 4962 673 5032 191a.

162 5221 272 5312 ΚΜ
391 5145 396 5154 ’
501 5140 563 5210 Fa.
590 5141 625 5211 S.
652 5140 764 5211 Gran.
790 5142 1028 5226 Manrmmnr,
1052 5143 1271 5226 Praefectus.

493 5321 519 5406 †
542 5319 675 5389 Petrus
699 5319 750 5388 La
773 5319 964 5403 Fontaine,
989 5317 1108 5406 Dpiso.
1134 5317 1374 5404 Charystien,
1402 5319 1634 5388 Secretora'as.

768 5541 1004 5549 —-—————-
