4038 6274
428 428 480 486 150
737 432 814 487 Acta
831 431 1022 501 apostolicae
1040 430 1138 488 Sedis.
1158 459 1175 470 -
1196 430 1456 487 Commentarium
1477 431 1618 499 officiale.

426 614 560 684 sationi
584 619 667 686 acta
690 619 725 684 et
740 615 897 703 probata
919 635 995 684 non
1014 616 1246 704 respondere.
1272 617 1364 685 Nam
1389 617 1470 704 ipsa
1485 637 1633 704 sponsa,
1650 615 1688 685 in
1704 616 1762 686 ius
1780 623 1909 702 vocata,

426 739 648 828 comparuit;
671 740 738 809 sed
761 739 985 828 interrogata
1000 760 1047 808 an
1064 739 1173 809 vellet
1194 744 1310 810 testes
1332 740 1534 828 producere
1550 738 1589 809 in
1606 739 1911 810 confirmationem

425 884 576 934 suarum
610 864 899 949 attestationum,
922 868 1125 952 protestata
1159 868 1231 933 est:
1258 891 1277 926 «
1294 863 1336 932 Je
1359 885 1406 933 ne
1430 863 1582 934 connais
1605 885 1673 952 pas
1696 865 1742 934 de
1765 862 1913 934 tbmcins

427 1016 444 1050 ⁴<
461 987 678 1077 a-indiquer
702 1009 748 1058 au
772 987 982 1058 tribunal».
1008 988 1141 1057 Postea
1164 1008 1250 1058 vero
1274 987 1344 1056 bos
1367 987 1557 1075 produxit3
1583 988 1649 1058 sed
1672 987 1805 1057 inferre
1827 987 1913 1071 licet,

424 1119 589 1202 tempore
623 1107 795 1202 prolatae*
823 1134 912 1183 suae
947 1112 1204 1198 attestationis
1217 1114 1374 1183 Annam
1409 1134 1455 1183 ne
1480 1113 1659 1202 cogitasse
1694 1113 1842 1202 quidem
1874 1115 1913 1187 de

424 1238 671 1327 producendis
694 1238 921 1310 contestibus
945 1237 1008 1326 qui
1033 1259 1136 1308 suam
1170 1237 1442 1309 attestationem
1475 1233 1746 1309 sustentarent:
1770 1239 1834 1328 qui
1856 1261 1914 1311 au-

423 1368 499 1433 tem
530 1363 681 1452 deponit
702 1364 742 1433 in
765 1363 899 1434 iudicio
922 1385 998 1433 non
1021 1385 1066 1434 ex
1090 1363 1332 1449 conscientia,
1356 1364 1424 1434 sed
1447 1384 1492 1434 ex
1514 1365 1705 1452 proposito
1728 1363 1914 1449 vindictae,

424 1509 506 1558 cum
539 1487 668 1577 primis
697 1487 877 1558 sollicitus
907 1493 965 1558 est
994 1488 1039 1558 de
1071 1488 1330 1577 conquirendis
1360 1487 1405 1558 iis
1428 1487 1492 1578 qui
1524 1508 1592 1558 suo
1620 1487 1823 1575 mendacio,
1853 1511 1915 1559 suo

423 1611 613 1701 proposito
644 1611 838 1698 vindictae,
870 1632 935 1701 per
961 1612 1212 1683 testimonium
1247 1612 1502 1702 suffragentur.
1529 1611 1716 1700 Depositio
1744 1632 1830 1682 vero
1853 1612 1915 1682 An-

424 1759 504 1824 nae,
528 1739 750 1828 testiumque
782 1738 830 1806 ab
861 1758 905 1807 ea
930 1738 1193 1826 productorum
1226 1736 1504 1824 attestationeS,
1528 1736 1729 1806 nullimode
1756 1737 1916 1807 redolent

423 1863 549 1932 odium
580 1863 619 1932 in
655 1863 847 1947 Actorem,
885 1863 951 1932 sed
990 1862 1086 1932 lacta
1123 1861 1245 1932 sobrie
1284 1861 1448 1932 referunt
1482 1861 1623 1952 absque
1661 1861 1916 1950 praeiudicatis

423 1987 670 2076 opinionibus.
711 1989 819 2074 Quod
849 1988 998 2078 quidem
1029 1987 1145 2058 asseri
1176 2007 1252 2056 non
1288 1993 1411 2076 potest
1440 1987 1485 2057 de
1516 1986 1682 2057 adversis
1721 1986 1916 2057 attestatio

422 2112 543 2183 nibus.

525 2240 571 2308 6?
594 2237 652 2308 Ad
673 2238 776 2324 baec,
800 2258 894 2327 quae
918 2242 1042 2307 narrat
1072 2237 1150 2326 ipse
1183 2236 1316 2307 Comes
1347 2237 1392 2306 de
1425 2235 1642 2320 Castellane,
1666 2237 1788 2320 Actor,
1812 2235 1851 2306 in
1874 2236 1916 2305 al·

421 2366 500 2432 tera
523 2383 592 2432 sua
622 2361 856 2432 attestatione
888 2362 933 2433 de
957 2360 1126 2449 Principe
1156 2361 1201 2430 de
1234 2361 1374 2451 Sagan,
1406 2361 1536 2430 Annae
1566 2359 1725 2445 amasio,
1757 2359 1823 2449 qui
1854 2359 1917 2428 Ro

422 2510 503 2560 mae
527 2489 680 2559 sollicite
711 2488 912 2578 quaerebat
933 2486 1112 2556 rationem
1141 2485 1308 2556 canonici
1331 2483 1584 2574 impedimenti
1614 2485 1713 2554 unde
1738 2483 1918 2554 matrimo-

421 2613 524 2683 nium
556 2613 685 2683 Annae
716 2634 797 2682 cum
831 2613 948 2683 Paulo
979 2611 1121 2682 Comite
1151 2611 1295 2681 nullum
1312 2611 1573 2682 declararetur
1597 2650 1615 2662 -
1639 2609 1747 2679 Anna
1780 2610 1918 2699 absque

421 2739 534 2809 dubio
574 2738 837 2825 consentiente,
864 2738 977 2809 immo
1014 2759 1090 2808 non
1127 2737 1308 2807 modicam
1347 2736 1525 2826 pecuniae
1562 2756 1744 2806 summam
1777 2736 1916 2806 solvere

421 2867 550 2954 parata
573 2863 641 2954 (uti
666 2863 821 2934 insertur
844 2863 891 2932 ab
915 2863 1044 2933 eadem
1059 2860 1295 2932 attestatione
1318 2859 1499 2948 Actoris);
1522 2900 1541 2912 -
1563 2859 1656 2930 haec
1678 2881 1813 2950 nempe
1836 2861 1918 2931 facti

421 2989 594 3059 adiuncta
624 2989 768 3073 docent,
793 2989 921 3058 Annae
953 2987 1111 3057 maxime
1142 2986 1344 3057 iucundum
1368 2987 1445 3056 fore
1469 2984 1501 3055 si
1524 2983 1707 3055 eiusmodi
1737 2985 1918 3054 matrimo

420 3113 523 3184 nium
555 3112 719 3184 accusari
750 3114 795 3183 de
826 3113 994 3183 nullitate
1032 3112 1235 3201 potuisset;
1274 3114 1311 3181 et
1341 3110 1379 3179 in
1414 3110 1486 3181 boc
1515 3109 1782 3180 adlaborarunt
1813 3109 1917 3181 iuris-

420 3237 595 3323 consulti,
627 3237 693 3308 sed
715 3237 871 3307 trustra:
900 3237 992 3332 quid
1018 3236 1134 3326 ergol
1165 3235 1323 3305 Proinde
1355 3233 1550 3305 dicendum
1575 3238 1632 3303 est
1655 3232 1821 3304 abbrisse
1845 3233 1919 3323 qui-

420 3383 577 3451 cumque
609 3362 773 3433 defectus
803 3381 1009 3431 consensus
1039 3381 1084 3431 ex
1114 3364 1218 3448 parte
1249 3360 1389 3442 Annae,
1417 3379 1512 3446 quae
1543 3358 1657 3446 probe
1683 3357 1755 3428 boc
1788 3358 1914 3428 vitium

420 3509 464 3558 ex
496 3487 576 3575 ipso
601 3487 759 3557 naturali
782 3486 861 3557 iure
895 3485 1068 3557 derivans
1091 3489 1128 3556 et
1150 3485 1242 3574 ipsa,
1264 3482 1436 3574 quamvis
1462 3482 1553 3554 iuris
1584 3481 1750 3554 canonici
1777 3503 1918 3572 expers,

419 3612 510 3700 ipsa,
527 3631 596 3682 sua
619 3611 845 3682 conscientia
874 3611 1045 3696 dictante,
1062 3610 1167 3681 facile
1189 3608 1448 3698 perspexisset,
1464 3607 1524 3678 vel
1546 3608 1675 3678 saltem
1700 3607 1920 3697 iurisperitis

418 3735 554 3806 indicia
577 3740 613 3806 et
636 3741 852 3826 argumenta
882 3734 1105 3824 aperuisset3
1128 3753 1248 3822 neque
1272 3737 1400 3803 coacta
1430 3730 1561 3801 brisset
1583 3731 1796 3819 pertrahere
1822 3732 1919 3801 Prin-

419 3863 536 3950 cipem
560 3862 606 3932 de
631 3861 753 3950 Sagan
782 3860 830 3930 ad
860 3858 1085 3948 apostasiam
1110 3855 1337 3928 acatholica
1366 3855 1551 3945 relign'one,
1574 3859 1618 3924 ut
1644 3853 1677 3925 ei
1703 3854 1779 3926 ritu
1804 3861 1926 3944 prote·-

418 3986 576 4058 stantico
600 3986 894 4074 coniungeretur.

522 4111 567 4180 7?
591 4110 938 4180 Animadverterunt
960 4108 1111 4197 insuper
1127 4106 1274 4177 Domini
1295 4105 1564 4176 confessionem
1581 4103 1736 4190 Actoris,
1752 4105 1921 4176 testium-

418 4257 489 4326 que
514 4237 559 4305 ab
583 4256 627 4305 eo
651 4235 885 4305 inductorum
908 4232 1121 4303 testimonia
1143 4231 1194 4301 ita
1217 4252 1258 4301 se
1281 4231 1467 4320 praebere,
1491 4235 1533 4301 ut
1555 4229 1694 4301 nullam
1722 4231 1921 4301 concilient

417 4361 541 4432 Actori
564 4359 634 4450 ipsi
659 4359 779 4430 fidem.
805 4360 896 4428 Nam
922 4397 941 4410 -
965 4357 1325 4446 praeterquamquod
1340 4354 1452 4426 Actor
1478 4375 1554 4424 non
1577 4354 1625 4424 ab
1650 4354 1758 4424 Anna
1783 4355 1920 4426 directe

418 4485 554 4570 didicit,
570 4486 636 4555 sed
651 4507 674 4554 a
690 4483 858 4572 Principe
874 4482 941 4552 Del
957 4483 1079 4573 Drago
1103 4481 1275 4572 cognovit
1297 4483 1511 4551 conditionis
1533 4482 1804 4566 appositionem,
1821 4478 1919 4550 unde

417 4612 534 4682 maior
556 4631 632 4680 non
656 4614 712 4680 est
734 4608 785 4678 illi
808 4607 901 4678 fides
935 4607 1108 4676 habenda
1131 4627 1243 4694 quam
1278 4625 1373 4695 quae
1407 4603 1494 4673 huic
1517 4602 1676 4691 Principi
1699 4607 1757 4673 est
1782 4602 1920 4686 debita,

416 4759 499 4808 cum
523 4736 635 4806 unius
658 4732 852 4804 affirmatio
875 4733 1091 4803 refundatur
1115 4731 1153 4800 in
1169 4729 1449 4801 affirmationem
1476 4727 1627 4799 alterius
1648 4767 1667 4779 -
1691 4747 1790 4816 quae
1808 4727 1920 4797 Actor

416 4860 578 4951 exponit,
602 4879 625 4929 a
647 4859 798 4930 veritate
822 4862 909 4928 sunt
932 4857 1062 4927 aliena.
1088 4855 1180 4926 Cum
1210 4855 1306 4925 enim
1331 4852 1488 4944 supplici
1520 4852 1560 4924 in
1588 4851 1713 4923 libello
1743 4850 1919 4922 dixisset:

415 4992 454 5076 o)
468 4989 743 5077 praesumptam
758 4987 993 5054 mndittomm
1008 4983 1055 5052 ab
1068 4982 1187 5066 Anna,
1200 4986 1279 5051 tum
1295 4980 1397 5051 fratri
1414 5001 1482 5050 suo
1500 4978 1641 5065 Ioanni,
1657 4983 1736 5048 tum
1754 4975 1920 5066 Principi

416 5113 483 5183 Del
506 5112 639 5201 Drago,
663 5109 934 5180 manifestatam
969 5106 1083 5176 luisse
1108 5134 1127 5169 «
1143 5127 1196 5176 un
1219 5110 1349 5194 quarto
1377 5106 1412 5175 d’
1425 5125 1491 5174 ora
1524 5103 1644 5192 prima
1677 5101 1744 5173 che
1769 5102 1805 5174 si
1830 5101 1921 5174 celc-

417 5267 435 5302 «
452 5238 579 5307 brasse
598 5235 625 5305 il
641 5232 874 5305 matrimonio
892 5255 929 5317 »;
952 5233 986 5319 b)
1004 5230 1179 5301 Ioannem
1203 5229 1363 5319 primum
1381 5230 1494 5300 luisse
1517 5229 1581 5319 qui
1597 5228 1743 5298 Annam
1768 5227 1920 5298 flentem

415 5367 525 5451 atque
545 5361 762 5430 clamantem
791 5354 1039 5446 interrogavit,
1063 5355 1200 5444 quique
1225 5353 1431 5443 Principem
1457 5353 1525 5423 Del
1548 5353 1670 5441 Drago
1694 5351 1846 5421 vocavit
1869 5355 1920 5435 ut,

415 5483 624 5558 cubiculum
647 5479 810 5552 mulieris
833 5480 1034 5569 ingressus,
1051 5485 1088 5550 et
1112 5479 1190 5567 ipse
1214 5479 1292 5549 suis
1315 5477 1469 5549 auribus
1492 5497 1614 5546 veram
1631 5476 1763 5546 Annae
1790 5495 1920 5566 cogno
