4120 6284
384 387 421 444 ab
693 390 771 446 dcto
788 391 979 461 apostolicos
997 389 1095 447 Sedis.
1115 417 1133 432 -
1154 389 1414 446 commearem
1435 390 1578 459 officiale.

383 578 465 644 iure
487 575 690 645 exercenda
713 575 905 663 competit,
930 575 995 645 sed
1018 579 1162 645 tantum
1194 579 1315 663 potest
1339 580 1376 645 et
1400 576 1508 646 debet
1536 579 1724 661 providere
1754 582 1797 646 ut
1818 599 1885 666 per

384 697 544 788 aliquem
567 684 745 769 vicarium
774 705 1006 785 exerceatur;
1037 719 1152 788 quare
1175 719 1284 769 verus
1314 699 1499 787 parochus
1529 719 1604 769 non
1636 705 1702 786 est,
1726 700 1792 770 sed
1815 699 1883 772 iste

383 823 513 893 titulus
543 822 694 911 parochi
730 823 859 894 habitu
894 828 1039 894 tantum
1075 823 1225 894 inservit
1260 823 1308 893 ad
1338 830 1439 894 certa
1473 821 1554 893 iura
1589 826 1883 912 praeservanda;

383 947 540 1017 actualis
562 968 651 1018 vero
675 948 860 1036 parochus
884 947 1027 1038 estqui
1052 952 1094 1018 de
1116 951 1212 1034 facto
1235 953 1271 1018 et
1293 951 1336 1015 dc
1357 952 1438 1018 iure
1461 954 1546 1018 actu
1572 954 1718 1019 exercet
1752 951 1881 1021 saltem

384 1092 509 1142 curam
534 1072 751 1142 animarum.
769 1072 822 1142 De
838 1073 909 1143 hoc
933 1071 1125 1160 posteriori
1150 1072 1376 1143 differentiae
1392 1093 1525 1162 genere
1541 1073 1709 1161 quaestio
1725 1074 1884 1161 plemm-

384 1217 455 1285 que
479 1216 560 1266 esse
584 1201 716 1285 potest,
733 1196 947 1284 praesertim
966 1197 1004 1266 in
1025 1195 1197 1284 capitulis
1220 1195 1359 1281 ltaliae,
1385 1195 1755 1286 Friedherg·Ruffini,
1774 1199 1883 1266 I'rott.

382 1325 441 1391 dcl
463 1325 584 1392 Diritt.
608 1327 731 1408 eccles,
755 1323 775 1414 g
800 1329 852 1408 71,
877 1327 945 1393 not.
971 1329 1023 1392 12.

486 1448 518 1517 5.
542 1447 688 1532 Verum,
704 1449 805 1537 quod
829 1447 979 1518 maximi
1004 1448 1156 1518 interest
1180 1447 1273 1518 inre
1297 1453 1435 1532 nostra,
1459 1448 1529 1518 hoc
1552 1448 1738 1536 posterius
1761 1454 1798 1519 et
1812 1449 1883 1519 usi·

381 1573 495 1665 tatius
518 1572 744 1643 differentiae
775 1594 893 1662 genus
923 1578 1046 1643 ortum
1074 1579 1219 1642 tantum
1248 1572 1353 1642 duxit
1383 1578 1468 1662 post
1491 1572 1742 1644 'tridentinam
1767 1573 1884 1660 Syno-

381 1697 479 1767 dum.
505 1697 634 1782 Bouix,
651 1703 709 1767 loc.
726 1702 829 1768 citet
851 1701 908 1783 ib,
934 1698 1020 1783 cap.
1036 1698 1122 1789 II,§
1143 1700 1209 1782 III,
1233 1700 1377 1782 Precor
1400 1699 1585 1784 Rivarolo,
1605 1703 1760 1768 Gooerno
1784 1702 1883 1768 delto

381 1824 616 1907 Parrocchio,
643 1825 742 1892 Part.
766 1825 842 1907 ΙΙΙ,
870 1825 954 1909 Oop.
986 1825 1067 1912 VII,
1093 1825 1137 1892 II
1139 1849 1150 1908 ,·
1173 1824 1269 1893 Rota
1302 1844 1427 1894 coram
1452 1823 1726 1910 Sebastianelli,
1750 1827 1883 1894 Faesu-

383 1949 651 2032 lana-lurtum,
675 1953 720 2018 16
742 1950 934 2018 Februarii
959 1954 1057 2017 1911.

486 2071 595 2141 Conc.
609 2071 707 2142 enim
721 2071 882 2142 Trident.
893 2074 983 2141 Scae.
999 2074 1074 2156 VII,
1087 2075 1139 2140 De
1151 2074 1317 2160 Reform,
1329 2093 1356 2142 o.
1369 2079 1409 2156 5,·
1424 2074 1514 2142 Sese.
1528 2075 1640 2158 XXV,
1660 2076 1712 2142 De
1724 2075 1878 2158 Referre.

380 2216 407 2264 c.
424 2201 478 2281 16,
503 2202 539 2267 et
561 2197 776 2286 praesertim
795 2199 877 2267 dict.
895 2199 985 2266 Sese.
1005 2199 1082 2282 VII,
1105 2221 1132 2267 c.
1158 2203 1187 2282 7,
1214 2197 1344 2266 statuit
1366 2203 1408 2267 ut
1431 2197 1610 2268 beneficia
1633 2197 1882 2269 ecclesiastica

276 2317 278 2322 ’
381 2325 518 2404 curata,
534 2340 629 2409 quae
645 2320 929 2405 cathedralibus,
946 2319 1158 2410 collegiatis,
1175 2341 1241 2390 seu
1264 2320 1347 2390 aliis
1370 2320 1533 2392 ecclesiis
1555 2321 1612 2392 vel
1636 2320 1880 2406 monasteriis

380 2443 578 2527 beneficiis,
602 2465 669 2514 seu
704 2444 865 2534 collegiis
889 2449 953 2515 aut
976 2443 1046 2532 piis
1069 2444 1160 2514 locis
1184 2443 1479 2534 quibuscumque
1514 2450 1691 2534 perpetuo
1715 2445 1820 2514 unita
1843 2451 1881 2514 et

380 2568 526 2638 adnexa
546 2553 846 2657 reperiebantur,
870 2570 918 2639 ah
943 2569 1148 2640 Ordinariis
1170 2571 1336 2640 locorum
1364 2570 1473 2640 annis
1496 2571 1650 2660 singulis
1674 2569 1879 2670 visitentur,

380 2690 443 2780 qui
467 2689 621 2762 sollicite
652 2691 845 2780 providere
876 2698 1074 2781 procurent
1098 2698 1139 2762 ut
1165 2714 1231 2781 per
1253 2696 1398 2764 idoneos
1416 2697 1588 2778 moerico,
1615 2693 1725 2762 etiam
1754 2715 1879 2780 perpe-

380 2807 467 2900 tuos,
500 2814 572 2884 nisi
597 2815 688 2904 ipsis
713 2814 917 2885 Ordincriis
948 2837 1014 2904 pro
1038 2817 1144 2886 hono
1173 2816 1409 2888 ecclesiarum
1441 2816 1617 2906 regimine
1645 2817 1750 2886 aliter
1773 2837 1880 2905 expe-

380 2937 673 3022 direvidehitur,
693 2939 740 3008 ab
764 2939 850 3009 eis...
875 2939 1011 3010 ibidem
1035 2941 1278 3028 deputandos,
1302 2939 1509 3010 animarum
1534 2961 1623 3010 cura
1645 2939 1879 3010 laudabiliter

380 3069 600 3134 exerceatur.

482 3190 514 3260 6.
540 3189 645 3259 Nunc
669 3195 809 3273 autem,
834 3190 882 3258 ad
904 3189 1158 3279 quaestionem
1183 3190 1330 3260 cuinam
1355 3195 1538 3279 competat
1561 3190 1767 3260 animarum
1791 3211 1880 3260 cura

378 3312 579 3383 habitualis
602 3313 640 3383 in
664 3333 771 3398 casu,
797 3313 967 3401 Capitulo
992 3335 1056 3399 ne,
1081 3335 1128 3383 an
1153 3314 1497 3402 Archipreshytero,
1522 3314 1559 3384 id
1583 3313 1817 3402 potissimum
1842 3319 1880 3383 et

378 3437 417 3506 in
432 3437 560 3526 primis
584 3438 829 3509 dirimendum
854 3445 911 3509 est
934 3459 978 3508 ex
995 3441 1217 3510 documento
1242 3439 1437 3510 erectionis
1461 3439 1637 3510 ecclesiae
1653 3438 1879 3509 Parochialis

380 3561 606 3632 Salutiarum
623 3561 660 3632 in
678 3562 926 3652 Collegiatam,
943 3564 1043 3652 quod
1066 3562 1173 3634 unice
1196 3564 1461 3634 attendendum
1483 3571 1549 3648 est,
1566 3569 1608 3632 ut
1626 3567 1731 3632 notat
1747 3563 1878 3632 Rehul.

379 3683 417 3754 in
438 3707 549 3772 praa.
573 3687 708 3772 benefic.
734 3689 784 3753 tit.
808 3687 852 3754 de
881 3688 995 3755 Vtoor.
1014 3689 1160 3772 perpet,
1183 3708 1282 3755 uum.
1307 3691 1331 3753 2
1352 3690 1393 3753 in
1409 3689 1490 3772 fine,
1514 3688 1545 3758 ct
1569 3706 1604 3752 n.
1629 3690 1651 3752 6
1672 3687 1713 3752 tn
1737 3686 1818 3771 ttae,
1842 3687 1879 3750 et

379 3807 471 3878 dixit
494 3810 591 3879 Rota
614 3831 737 3879 coram
762 3809 931 3892 Coccino,
954 3813 1059 3880 decu.
1078 3815 1174 3895 1208,
1199 3834 1233 3882 u.
1250 3815 1291 3892 3;
1314 3815 1350 3880 et
1374 3830 1497 3880 coram
1522 3807 1720 3878 Guaxardo
1744 3806 1782 3876 in
1805 3809 1878 3874 Me·

380 3935 539 4001 lepitana
568 3936 804 4018 parochialis,
831 3937 935 4003 decia
958 3941 1036 4018 400,
1055 3957 1093 4020 p.
1118 3936 1253 4018 XVIII,
1278 3939 1300 4002 t.
1330 3940 1361 4018 1,
1384 3957 1419 4002 a.
1437 3910 1530 4015 '2-5,·
1553 3937 1589 4002 et
1623 3951 1745 4002 coram
1771 3929 1878 4000 Celso

379 4055 417 4123 in
440 4057 784 4141 Romana-Iurium,
803 4080 888 4143 por.
916 4065 948 4140 4,
973 4061 1043 4126 dec.
1072 4063 1169 4143 1651,
1192 4059 1297 4128 decis.
1325 4063 1402 4141 204,
1422 4079 1459 4142 p.
1487 4058 1552 4140 XI,
1575 4078 1673 4124 uum.
1699 4061 1719 4123 1
1741 4076 1807 4123 rec.
1833 4053 1878 4122 Et

378 4178 537 4264 nonnisi,
560 4181 624 4250 uhi
648 4201 723 4250 non
748 4186 891 4251 constet
914 4183 958 4251 de
983 4181 1176 4251 erectionis
1210 4180 1325 4265 initio,
1349 4182 1397 4251 ad
1420 4180 1652 4251 coniecturas
1675 4185 1712 4249 et
1742 4177 1878 4248 indicia

379 4311 415 4375 et
438 4305 758 4393 praesumptiones
786 4306 1072 4395 confugiendum
1096 4311 1161 4375 est.
1187 4307 1270 4394 Arg.
1295 4326 1339 4374 ex
1364 4305 1488 4374 Innoc.
1513 4305 1551 4373 in
1574 4327 1652 4388 cop.
1670 4306 1876 4389 postulasti,

378 4433 421 4498 de
443 4434 677 4516 iurepotrou.;
700 4431 800 4500 loan.
817 4430 965 4502 Andrea
988 4436 1023 4500 et
1047 4431 1129 4500 aliis
1153 4431 1191 4500 in
1212 4452 1289 4515 cup.
1306 4431 1406 4499 uobis
1429 4433 1500 4498 cod.
1518 4433 1582 4512 at,
1606 4428 1720 4512 Alex,
1736 4449 1828 4497 cons.
1845 4433 1876 4510 6,

377 4579 413 4625 u.
440 4564 459 4624 1
490 4561 521 4625 et
554 4562 586 4640 2,
614 4557 671 4624 lib.
695 4557 740 4624 H
740 4582 751 4638 ,·
783 4557 958 4639 Barhosa,
983 4558 1035 4624 De
1060 4557 1251 4626 (lenonicia
1283 4559 1314 4623 et
1343 4557 1518 4640 Dipuitot.
1544 4555 1731 4622 Ecclesicr.
1757 4551 1878 4619 (latha

377 4682 473 4748 drot.
497 4685 528 4748 et
553 4681 744 4766 Oollepiot,
770 4683 854 4766 Cap.
878 4683 925 4766 II,
948 4705 985 4750 u.
1009 4686 1041 4749 9.

483 4805 512 4873 7.
538 4804 703 4904 lamvero
729 4805 954 4874 Parochialis
978 4803 1141 4875 Ecclesia
1166 4803 1389 4874 Salutiarum
1414 4807 1535 4873 erecta
1558 4800 1627 4870 luit
1650 4800 1687 4870 in
1705 4797 1879 4888 Collegia-

378 4935 454 4998 tam
478 4949 576 4998 anno
603 4929 688 4998 1483
713 4929 859 5000 Litteris
882 4929 941 4999 die
964 4931 1005 4999 21
1033 4930 1194 5000 Ianuarii
1229 4930 1394 5000 eiusdem
1419 4928 1505 4998 anni
1530 4925 1643 5010 datis3
1667 4947 1741 4995 non
1767 4924 1878 5013 igitur

372 5059 461 5139 post,
489 5055 554 5123 sed
577 5059 661 5123 onte
686 5054 889 5124 Concilium
914 5054 1180 5125 Tridentinum.

483 5179 605 5264 Quum
629 5177 740 5267 igitur
762 5185 845 5248 aaa
861 5179 1112 5250 Tridentinam
1132 5180 1321 5266 Synodum
1347 5179 1508 5268 capitula
1532 5199 1598 5247 seu
1621 5173 1774 5262 collegia
1797 5193 1878 5260 pos-

378 5309 460 5373 sent
483 5304 527 5373 de
552 5305 648 5372 Iacto
673 5307 707 5372 et
732 5303 778 5372 de
802 5305 880 5374 iure
904 5325 1032 5392 perse
1057 5325 1224 5375 exercere
1248 5305 1453 5374 animarum
1490 5322 1626 5386 curam,
1651 5299 1755 5367 etde
1780 5297 1877 5366 facto

377 5427 536 5516 plurima
559 5427 720 5516 capitula
754 5449 878 5498 curam
908 5428 1007 5498 illam
1043 5435 1265 5515 exercerent,
1290 5429 1463 5499 omnihus
1488 5427 1535 5496 ad
1559 5425 1597 5494 id
1627 5443 1777 5512 operam
1814 5443 1878 5490 na-
