4038 6274
373 404 426 462 144
685 409 762 464 delo
780 407 971 477 apostoticae
986 407 1083 464 Sedis.
1103 435 1121 446 -
1142 407 1402 464 Commorim
1416 405 1557 475 officiolo.

480 594 514 661 1ο
536 592 587 663 Ut
610 591 740 663 novitii
763 591 914 662 tertiani
938 593 1148 663 saeculares
1166 592 1201 663 S.
1214 591 1401 663 Francisci
1423 591 1690 681 professionem
1707 590 1871 662 emittere

373 717 521 786 valeant
543 717 581 786 in
606 715 897 806 Congregatione
921 716 1073 786 alterius
1097 715 1340 802 obedientiae,
1365 737 1433 786 seu
1464 715 1631 786 diversae
1662 715 1710 784 ab
1741 715 1804 784 illa
1835 715 1873 785 in
1901 699 1905 710 ⁴

374 862 449 929 qua
473 842 519 912 ad
542 841 765 911 novitiatum
788 841 942 940 fuerant*
959 839 1122 926 admissi,
1147 839 1179 911 si
1203 839 1334 912 melius
1358 861 1487 910 eorum
1512 837 1764 910 commoditati
1791 860 1873 928 pro-

373 963 552 1035 videatur.

476 1089 512 1158 b’
533 1089 584 1160 Ut
606 1088 764 1179 professi
788 1090 916 1160 eadem
942 1090 987 1160 de
1011 1111 1125 1161 causa
1148 1089 1305 1160 transire
1329 1087 1474 1178 possint
1497 1089 1544 1158 ab
1567 1109 1643 1159 una
1669 1088 1873 1179 Congrege-

375 1213 475 1284 tione
499 1215 547 1285 ad
571 1214 693 1294 aliam
706 1214 871 1285 diversae
896 1213 1139 1285 obedientiae.
1535 1195 1537 1202 ’

474 1339 514 1408 '3⁰
535 1338 587 1409 Ut
610 1339 811 1424 Parocbus,
835 1339 895 1410 vel
918 1339 1077 1429 quilibet
1097 1339 1277 1412 Sacerdos
1301 1339 1457 1411 alicuius
1474 1338 1777 1429 Congregationis
1793 1339 1875 1408 Ter-

373 1461 565 1533 tiariorum
589 1462 806 1548 Moderator,
831 1463 862 1533 si
886 1463 960 1532 alio
982 1464 1224 1534 transferatur
1246 1461 1311 1533 ubi
1342 1461 1415 1533 alia
1439 1461 1682 1553 Congregatio
1707 1462 1874 1533 diversae

375 1588 626 1660 Obedientiae'
638 1587 853 1678 reperiatur,
870 1589 1038 1659 eamdem
1054 1608 1178 1679 regere
1193 1588 1313 1676 possit
1334 1588 1427 1677 quin
1451 1586 1615 1677 indigeat
1630 1608 1727 1658 nova
1742 1607 1874 1675 appro-

374 1713 541 1798 batione;
564 1716 735 1784 teneatur
757 1718 883 1783 tamen
904 1714 975 1784 hac
998 1714 1043 1784 de
1067 1733 1106 1784 re
1131 1711 1320 1784 certiorem
1352 1713 1470 1783 lacere
1500 1711 1735 1783 visitatorem
1759 1711 1876 1802 Regu·

372 1838 498 1923 larem,
522 1841 565 1907 ut
587 1857 670 1907 cum
694 1837 824 1908 eodem
847 1838 997 1928 negotia
1021 1835 1324 1928 Congregationis
1347 1857 1471 1927 gerere
1495 1836 1626 1908 valeat.

480 1959 553 2032 Sed
575 1959 687 2044 buius
710 1960 855 2031 Decreti
880 1960 1084 2046 occasione,
1109 1960 1298 2031 nonnullis
1323 1959 1530 2032 Ordinariis
1553 1965 1590 2030 et
1614 1957 1876 2031 Sacerdotibus

375 2090 497 2155 ortum
521 2091 578 2155 est
602 2085 768 2171 dubium,
793 2086 893 2175 quod
909 2085 1148 2174 Praepositus
1165 2084 1356 2156 Generalis
1381 2084 1468 2155 Ord.
1493 2085 1612 2155 Carm.
1636 2084 1781 2155 Excalc.
1808 2083 1880 2155 sol·

373 2210 535 2282 rendum
559 2208 735 2299 proponit
756 2209 843 2281 huic
867 2210 903 2281 S.
921 2209 1054 2301 Cong.:

479 2362 498 2398 «
518 2333 576 2405 An
600 2335 796 2405 Decretum
823 2334 859 2407 S.
877 2334 1008 2425 Congr.
1026 2334 1341 2425 indulgentiarum
1366 2333 1439 2405 diei
1461 2335 1484 2404 t
1507 2333 1626 2405 Martii
1644 2333 1731 2406 1903
1755 2334 1878 2405 valeat

377 2478 526 2547 quoque
556 2480 623 2548 pro
656 2458 844 2531 'sortiariis
879 2458 1131 2531 saecularibus
1168 2458 1359 2549 utriusque
1395 2457 1635 2530 obedientiae
1668 2458 1879 2529 Carmelita-

378 2580 478 2651 nael
494 2608 524 2649 ».

482 2703 621 2777 SSmus
633 2727 720 2777 vero
733 2706 839 2776 Dnus
856 2707 898 2777 N.
915 2706 1004 2776 Pius
1021 2706 1092 2777 ΡΡ.
1105 2705 1149 2793 X,
1166 2705 1205 2775 in
1221 2705 1420 2775 Audientia
1434 2705 1563 2776 habita
1580 2706 1627 2776 ab
1643 2703 1879 2792 infrascripto

381 2828 568 2899 Cardinali
584 2830 783 2915 Praefecto,
807 2834 950 2900 attenta
972 2829 1163 2901 identitate
1187 2829 1384 2915 rationum,
1412 2832 1626 2915 affirmative
1651 2826 1878 2916 respondere

378 2953 550 3044 dignatus
573 2959 640 3025 est.

479 3077 545 3158 Die
571 3080 613 3149 lc
637 3059 798 3150 Ianuarii
823 3080 920 3150 1912.

768 3277 840 3347 los.
866 3275 951 3348 Cla.
978 3275 1090 3346 Cano.
1114 3274 1237 3360 Vivus,
1262 3278 1482 3362 Praefectus.

1027 3533 1225 3544 ..—---

763 3900 807 4028 S.
852 3898 1244 4028 CONGllllGllTlll
1287 3895 1489 4025 lllllllllS

480 4364 635 4434 Decreto
660 4362 695 4432 S.
714 4359 1017 4450 congregationis
1041 4359 1112 4430 diei
1136 4361 1180 4428 bb
1205 4357 1366 4428 ianuarii
1389 4355 1554 4444 proxime
1571 4354 1687 4444 elapsi
1711 4354 1878 4426 laudabi-

376 4488 459 4559 liter
482 4510 521 4559 se
545 4487 702 4558 subiecit
724 4486 766 4555 R.
794 4483 994 4555 Venantius
1018 4483 1210 4554 Gonaalez.

481 4613 632 4696 Romae,
656 4610 714 4681 die
737 4611 781 4678 a?
805 4607 994 4679 Februarii
1020 4609 1116 4679 lota.

1178 4749 1339 4819 Thomas
1363 4749 1482 4832 Esser,
1508 4745 1550 4816 0.
1568 4746 1620 4832 Ρ.,
1644 4747 1877 4816 Secretoriua.

1008 5097 1245 5106 ————-
