4120 6284
389 384 425 440 82
704 389 780 442 Acta
798 387 988 456 Apostolicoo
1007 386 1104 442 Sedis.
1124 413 1142 424 -
1163 385 1423 440 eommutaraum
1443 385 1584 450 officiolo.

391 572 699 642 Commemoratio
724 573 887 641 omnium
913 571 1092 642 Fidelium
1118 571 1382 644 Defunctorum
1406 571 1444 640 in
1468 570 1563 639 diem
1596 568 1803 638 immediate
1827 589 1884 638 se-

391 683 575 768 quentem,
599 678 766 748 similiter
788 701 863 748 non
887 678 1113 766 impeditam,
1135 677 1364 760 transfertur,
1389 698 1455 746 seu
1478 675 1679 764 reponitur.

959 910 1027 978 Drn
1050 910 1072 978 9
1096 909 1321 978 Novnusms.

497 1090 655 1158 Rmnca
667 1109 862 1173 respectans
877 1087 1014 1157 101118.
1033 1087 1268 1158 macarem
1282 1089 1498 1172 corripatur:
1514 1085 1585 1154 Pro
1601 1104 1693 1154 com.
1719 1082 1753 1153 S.
1771 1082 1888 1152 Theo

392 1196 482 1279 dori,
507 1196 608 1264 Mart.
584 1193 671 1264 tin
696 1195 817 1264 Missis
840 1193 961 1282 privat
962 1193 994 1263 is
1016 1197 1173 1262 tautum.

496 1390 628 1460 Missae
653 1389 804 1458 Votivae
827 1409 1053 1477 perannum
1077 1391 1357 1474 supprimantur
1379 1391 1533 1457 manino.

498 1637 601 1722 Quae
625 1637 750 1707 omnia
774 1637 890 1706 SSmo
914 1636 1072 1706 Domino
1098 1637 1232 1706 Nostro
1256 1636 1322 1706 Pio
1347 1637 1468 1724 Papae
1484 1635 1518 1705 X
1534 1655 1599 1723 per
1613 1633 1886 1722 infrascriptum

392 1762 638 1833 Secretarium
661 1762 786 1846 relata,
811 1761 994 1832 Sanctitas
1019 1762 1095 1831 Sua
1118 1761 1267 1850 dignata
1290 1765 1347 1830 est
1369 1765 1448 1830 rata
1464 1759 1600 1830 habere
1617 1764 1653 1829 et
1669 1759 1889 1846 adprobare.

392 1887 538 1958 simul'
530 1887 735 1976 iniungens,
758 1885 832 1956 ut
823 1908 861 1955 m
885 1885 1094 1956 Missalibus
1111 1890 1147 1955 et
1163 1885 1392 1956 Brevioriis
1383 1907 1455 1954 ram
1480 1883 1598 1969 editis„
1623 1905 1718 1973 quae
1742 1883 1887 1953 venalia

393 2013 491 2101 apud
515 2011 765 2101 typographos
787 2015 967 2100 prostant,
989 2009 1182 2081 adiicietur
1205 2011 1401 2081 fasciculus
1426 2009 1606 2080 Rubricas
1629 2009 1825 2146 adaptatos
1848 2013 1889 2077 ut

392 2159 503 2225 supra
527 2136 729 2206 continens,

496 2334 562 2404 Die
585 2335 629 2402 t3
654 2333 813 2402 Ianuarii
841 2335 936 2402 19111.

804 2581 860 2650 Fr.
886 2581 921 2650 S.
948 2581 1059 2650 Cano.
1086 2581 1322 2664 Mammam,
1347 2582 1469 2676 Proaf.

496 2705 533 2774 L·
551 2707 594 2793 ὦ
611 2706 646 2774 S·
911 2814 936 2900 †
960 2812 1091 2882 Petrus
1116 2811 1167 2880 La
1191 2811 1381 2896 Fonteius,
1406 2812 1471 2898 Ep.
1497 2811 1737 2898 Charystien.‚
1761 2813 1890 2880 Socrct.

1109 3453 1163 3534 11.

805 3645 1055 3730 ROMANA
1084 3647 1156 3731 ΕΤ
1183 3647 1469 3733 ALIARUM.

391 3861 496 3910 CIRCA
520 3858 772 3924 pomposiam,
796 3844 830 3927 Ῠ.
855 3861 1003 3924 Pnlnnu,
1027 3862 1072 3910 nr
1095 3862 1373 3913 PRAEFATIONEM
1388 3863 1573 3913 PROPRIAM
1586 3862 1624 3912 IN
1636 3862 1888 3913 OGCURRENTIA

495 3981 687 4031 FESTORUM
712 3983 744 4031 B.
761 3984 798 4032 M.
817 3984 847 4032 V.
864 3985 912 4033 An
937 3983 1066 4034 INSTAR
1090 3984 1269 4035 SIMPLICIS
1293 3986 1551 4036 REDAGTORUM.

497 4158 618 4245 Quum
634 4181 678 4230 ex
692 4160 963 4232 Constitutione
976 4161 1189 4250 Apostolica
1203 4192 1220 4226 «
1235 4163 1368 4233 Divino
1380 4164 1506 4233 afflatu
1519 4192 1536 4226 »
1552 4163 1657 4233 Ssmi
1673 4163 1744 4233 Dni
1762 4163 1888 4233 Nostri

393 4283 447 4352 Pii
465 4285 587 4372 Papae
603 4285 647 4368 X,
661 4285 732 4355 diei
747 4286 761 4354 1
786 4286 1004 4356 Novembris
1019 4288 1115 4372 1911,
1130 4288 1277 4357 Festum
1289 4288 1329 4357 B.
1340 4289 1384 4357 M.
1394 4287 1434 4358 V.
1448 4289 1540 4358 ritus
1555 4287 1713 4376 duplicis
1726 4287 1892 4372 maioris,

391 4413 455 4476 aut
478 4408 557 4478 dies
583 4407 722 4478 Octava
746 4410 911 4480 eiusdem
935 4411 1124 4500 Deiparae‚
1149 4411 1180 4480 si
1208 4411 1246 4481 in
1269 4411 1500 4482 Dominicam
1524 4417 1727 4496 occurrant,
1751 4412 1888 4481 amodo

391 4533 615 4620 simplificari
647 4534 822 4620 debeant3
847 4535 980 4605 Sacrae
1011 4535 1163 4606 Rituum
1197 4536 1479 4627 Congregationi
1511 4535 1742 4626 insequentia
1773 4536 1892 4606 dubia

391 4657 582 4744 proposita
605 4659 763 4743 fuerunt,
787 4659 978 4729 nimirum:

495 4782 520 4851 Ι.
546 4781 602 4851 An
629 4783 666 4851 in
690 4784 879 4870 praedictu
895 4807 984 4855 casu
1001 4786 1257 4857 conclusiones
1274 4787 1505 4874 Hymnorum
1523 4791 1559 4856 et
1574 4807 1705 4856 versus
1721 4787 1894 4875 Respon-

389 4905 477 4974 sorii
501 4905 623 4975 brevis
647 4906 695 4975 ad
719 4907 877 4976 Primam
903 4930 984 4979 esse
1009 4911 1168 4979 debeant
1191 4911 1235 4980 de
1260 4910 1342 4998 ipsa
1365 4911 1481 4980 Beata
1504 4910 1617 4980 Maria
1640 4910 1813 5001 Virginei

495 5029 540 5097 ΙΙ.
566 5026 669 5113 Quae
694 5031 877 5100 Praefatio
902 5031 940 5101 in
964 5053 1053 5102 casu
1077 5033 1234 5104 dicenda
1257 5033 1305 5104 sit
1329 5035 1367 5103 in
1392 5034 1530 5104 Missat

492 5152 537 5221 Et
561 5151 674 5222 Sacra
697 5153 825 5222 eadem
850 5153 1107 5244 Congregatio,
1132 5157 1179 5226 ad
1210 5157 1425 5228 relationem
1454 5157 1651 5246 subscripti
1684 5158 1894 5238 Secretarii‚

385 5297 424 5344 re
448 5280 590 5345 mature
614 5297 806 5364 perpensa,
830 5280 1129 5366 respondendum
1153 5280 1311 5350 censuit:
