<?xml version="1.0" encoding="UTF-8"?>
<!DOCTYPE html PUBLIC "-//W3C//DTD XHTML 1.0 Transitional//EN"
    "http://www.w3.org/TR/xhtml1/DTD/xhtml1-transitional.dtd">
<html xmlns="http://www.w3.org/1999/xhtml" xml:lang="en" lang="en">
 <head>
  <title>
</title>
<meta http-equiv="Content-Type" content="text/html;charset=utf-8" />
  <meta name='ocr-system' content='tesseract 3.04.00' />
  <meta name='ocr-capabilities' content='ocr_page ocr_carea ocr_par ocr_line ocrx_word'/>
</head>
<body>
  <div class='ocr_page' id='page_1' title='image "actaapostolicae00citygoog_0157.png"; bbox 0 0 4038 6274; ppageno 0'>
   <div class='ocr_carea' id='block_1_1' title="bbox 401 405 1590 478">
    <p class='ocr_par' dir='ltr' id='par_1_1' title="bbox 401 405 1590 478">
     <span class='ocr_line' id='line_1_1' title="bbox 401 405 1590 478; baseline -0.002 -16"><span class='ocrx_word' id='word_1_1' title='bbox 401 405 453 463; x_wconf 75' lang='lat' dir='ltr'><strong>tce</strong></span> <span class='ocrx_word' id='word_1_2' title='bbox 706 410 783 464; x_wconf 80' lang='lat' dir='ltr'><strong>Acta</strong></span> <span class='ocrx_word' id='word_1_3' title='bbox 801 409 992 478; x_wconf 78' lang='lat' dir='ltr'><strong>Apostoltccc</strong></span> <span class='ocrx_word' id='word_1_4' title='bbox 1011 408 1108 464; x_wconf 71' lang='lat' dir='ltr'><strong>Sedis.</strong></span> <span class='ocrx_word' id='word_1_5' title='bbox 1129 441 1145 451; x_wconf 94' lang='lat'>-</span> <span class='ocrx_word' id='word_1_6' title='bbox 1167 407 1427 463; x_wconf 63' lang='lat' dir='ltr'><strong>Commonitorium</strong></span> <span class='ocrx_word' id='word_1_7' title='bbox 1448 407 1590 474; x_wconf 75' lang='lat' dir='ltr'><strong>officiale.</strong></span> 
     </span>
    </p>
   </div>
   <div class='ocr_carea' id='block_1_2' title="bbox 338 591 1900 2427">
    <p class='ocr_par' dir='ltr' id='par_1_2' title="bbox 338 591 1898 2192">
     <span class='ocr_line' id='line_1_2' title="bbox 400 591 1890 684; baseline -0.004 -19"><span class='ocrx_word' id='word_1_8' title='bbox 400 596 489 665; x_wconf 91' lang='lat' dir='ltr'><strong>dum</strong></span> <span class='ocrx_word' id='word_1_9' title='bbox 524 595 623 666; x_wconf 91' lang='lat' dir='ltr'><strong>enim</strong></span> <span class='ocrx_word' id='word_1_10' title='bbox 658 595 766 681; x_wconf 86' lang='lat' dir='ltr'><strong>dixit,</strong></span> <span class='ocrx_word' id='word_1_11' title='bbox 790 615 831 667; x_wconf 88' lang='lat' dir='ltr'><strong>se</strong></span> <span class='ocrx_word' id='word_1_12' title='bbox 866 595 992 684; x_wconf 91' lang='lat' dir='ltr'><strong>paullo</strong></span> <span class='ocrx_word' id='word_1_13' title='bbox 1027 600 1114 665; x_wconf 89' lang='lat' dir='ltr'><strong>autc</strong></span> <span class='ocrx_word' id='word_1_14' title='bbox 1149 592 1372 664; x_wconf 79' lang='lat' dir='ltr'><strong>matrimonii</strong></span> <span class='ocrx_word' id='word_1_15' title='bbox 1408 591 1690 678; x_wconf 75' lang='lat' dir='ltr'><strong>celebrationem</strong></span> <span class='ocrx_word' id='word_1_16' title='bbox 1723 613 1747 659; x_wconf 89' lang='lat' dir='ltr'><strong>o</strong></span> <span class='ocrx_word' id='word_1_17' title='bbox 1769 613 1890 676; x_wconf 71' lang='lat' dir='ltr'><strong>apem</strong></span> 
     </span>
     <span class='ocr_line' id='line_1_3' title="bbox 399 714 1890 804; baseline -0.002 -16"><span class='ocrx_word' id='word_1_18' title='bbox 399 720 513 790; x_wconf 84' lang='lat' dir='ltr'><strong>fuisse</strong></span> <span class='ocrx_word' id='word_1_19' title='bbox 536 725 708 791; x_wconf 90' lang='lat' dir='ltr'><strong>vocatum</strong></span> <span class='ocrx_word' id='word_1_20' title='bbox 732 720 779 790; x_wconf 94' lang='lat' dir='ltr'><strong>ad</strong></span> <span class='ocrx_word' id='word_1_21' title='bbox 795 719 1018 790; x_wconf 87' lang='lat' dir='ltr'><strong>audiendam</strong></span> <span class='ocrx_word' id='word_1_22' title='bbox 1043 739 1147 788; x_wconf 89' lang='lat' dir='ltr'><strong>suam</strong></span> <span class='ocrx_word' id='word_1_23' title='bbox 1173 718 1416 788; x_wconf 90' lang='lat' dir='ltr'><strong>intentionem</strong></span> <span class='ocrx_word' id='word_1_24' title='bbox 1441 717 1539 804; x_wconf 89' lang='lat' dir='ltr'><strong>(cum</strong></span> <span class='ocrx_word' id='word_1_25' title='bbox 1555 716 1667 787; x_wconf 87' lang='lat' dir='ltr'><strong>Actor</strong></span> <span class='ocrx_word' id='word_1_26' title='bbox 1691 714 1823 786; x_wconf 85' lang='lat' dir='ltr'><strong>dixerit</strong></span> <span class='ocrx_word' id='word_1_27' title='bbox 1835 737 1890 785; x_wconf 88' lang='lat' dir='ltr'><strong>vo-</strong></span> 
     </span>
     <span class='ocr_line' id='line_1_4' title="bbox 400 839 1892 933; baseline -0.003 -21"><span class='ocrx_word' id='word_1_28' title='bbox 400 849 524 913; x_wconf 88' lang='lat' dir='ltr'><strong>catum</strong></span> <span class='ocrx_word' id='word_1_29' title='bbox 547 845 660 915; x_wconf 85' lang='lat' dir='ltr'><strong>fuisse</strong></span> <span class='ocrx_word' id='word_1_30' title='bbox 685 865 708 913; x_wconf 98' lang='lat' dir='ltr'><strong>a</strong></span> <span class='ocrx_word' id='word_1_31' title='bbox 730 845 841 914; x_wconf 80' lang='lat' dir='ltr'><strong>fratre</strong></span> <span class='ocrx_word' id='word_1_32' title='bbox 865 864 933 913; x_wconf 87' lang='lat' dir='ltr'><strong>suo</strong></span> <span class='ocrx_word' id='word_1_33' title='bbox 958 844 1130 933; x_wconf 88' lang='lat' dir='ltr'><strong>loanne);</strong></span> <span class='ocrx_word' id='word_1_34' title='bbox 1155 844 1221 913; x_wconf 91' lang='lat' dir='ltr'><strong>sed</strong></span> <span class='ocrx_word' id='word_1_35' title='bbox 1244 841 1356 913; x_wconf 88' lang='lat' dir='ltr'><strong>etiam</strong></span> <span class='ocrx_word' id='word_1_36' title='bbox 1374 881 1394 894; x_wconf 89' lang='lat'>-</span> <span class='ocrx_word' id='word_1_37' title='bbox 1411 842 1512 930; x_wconf 92' lang='lat' dir='ltr'><strong>quod</strong></span> <span class='ocrx_word' id='word_1_38' title='bbox 1534 841 1684 930; x_wconf 80' lang='lat' dir='ltr'><strong>gravius</strong></span> <span class='ocrx_word' id='word_1_39' title='bbox 1700 845 1758 910; x_wconf 90' lang='lat' dir='ltr'><strong>est</strong></span> <span class='ocrx_word' id='word_1_40' title='bbox 1774 877 1793 890; x_wconf 94' lang='lat'><em>-</em></span> <span class='ocrx_word' id='word_1_41' title='bbox 1809 839 1892 908; x_wconf 88' lang='lat' dir='ltr'><strong>affir-</strong></span> 
     </span>
     <span class='ocr_line' id='line_1_5' title="bbox 391 953 1891 1038; baseline -0.003 -2"><span class='ocrx_word' id='word_1_42' title='bbox 391 953 515 1037; x_wconf 90' lang='lat' dir='ltr'><strong>mavit</strong></span> <span class='ocrx_word' id='word_1_43' title='bbox 545 989 585 1038; x_wconf 93' lang='lat' dir='ltr'><strong>se</strong></span> <span class='ocrx_word' id='word_1_44' title='bbox 619 973 708 1038; x_wconf 84' lang='lat' dir='ltr'><strong>certo</strong></span> <span class='ocrx_word' id='word_1_45' title='bbox 741 972 832 1038; x_wconf 75' lang='lat' dir='ltr'><strong>cotra</strong></span> <span class='ocrx_word' id='word_1_46' title='bbox 854 967 983 1038; x_wconf 83' lang='lat' dir='ltr'><strong>Annae</strong></span> <span class='ocrx_word' id='word_1_47' title='bbox 1019 966 1305 1037; x_wconf 76' lang='lat' dir='ltr'><strong>declarationem</strong></span> <span class='ocrx_word' id='word_1_48' title='bbox 1340 966 1474 1036; x_wconf 86' lang='lat' dir='ltr'><strong>factam</strong></span> <span class='ocrx_word' id='word_1_49' title='bbox 1509 965 1623 1036; x_wconf 86' lang='lat' dir='ltr'><strong>fuisse</strong></span> <span class='ocrx_word' id='word_1_50' title='bbox 1656 969 1737 1033; x_wconf 92' lang='lat' dir='ltr'><strong>tum</strong></span> <span class='ocrx_word' id='word_1_51' title='bbox 1759 962 1891 1032; x_wconf 89' lang='lat' dir='ltr'><strong>Actoris</strong></span> 
     </span>
     <span class='ocr_line' id='line_1_6' title="bbox 338 1088 1892 1181; baseline -0.003 -21"><span class='ocrx_word' id='word_1_52' title='bbox 338 1102 342 1111; x_wconf 77' lang='grc'><em>’</em></span> <span class='ocrx_word' id='word_1_53' title='bbox 398 1090 565 1180; x_wconf 81' lang='lat' dir='ltr'><strong>genitrici</strong></span> <span class='ocrx_word' id='word_1_54' title='bbox 597 1090 749 1181; x_wconf 88' lang='lat' dir='ltr'><strong>eiusque</strong></span> <span class='ocrx_word' id='word_1_55' title='bbox 773 1091 898 1176; x_wconf 80' lang='lat' dir='ltr'><strong>tratri,</strong></span> <span class='ocrx_word' id='word_1_56' title='bbox 921 1096 1002 1161; x_wconf 94' lang='lat' dir='ltr'><strong>tum</strong></span> <span class='ocrx_word' id='word_1_57' title='bbox 1037 1091 1194 1161; x_wconf 83' lang='lat' dir='ltr'><strong>feminae</strong></span> <span class='ocrx_word' id='word_1_58' title='bbox 1218 1112 1241 1159; x_wconf 87' lang='lat' dir='ltr'><strong>a</strong></span> <span class='ocrx_word' id='word_1_59' title='bbox 1265 1089 1443 1160; x_wconf 85' lang='lat' dir='ltr'><strong>cubiculis</strong></span> <span class='ocrx_word' id='word_1_60' title='bbox 1473 1088 1624 1173; x_wconf 83' lang='lat' dir='ltr'><strong>Annae3</strong></span> <span class='ocrx_word' id='word_1_61' title='bbox 1650 1088 1760 1178; x_wconf 91' lang='lat' dir='ltr'><strong>idque</strong></span> <span class='ocrx_word' id='word_1_62' title='bbox 1793 1107 1831 1156; x_wconf 87' lang='lat' dir='ltr'><strong>se</strong></span> <span class='ocrx_word' id='word_1_63' title='bbox 1852 1089 1892 1156; x_wconf 85' lang='lat' dir='ltr'><strong>ab</strong></span> 
     </span>
     <span class='ocr_line' id='line_1_7' title="bbox 398 1211 1894 1306; baseline -0.001 -24"><span class='ocrx_word' id='word_1_64' title='bbox 398 1219 493 1301; x_wconf 76' lang='lat' dir='ltr'><strong>tpcte</strong></span> <span class='ocrx_word' id='word_1_65' title='bbox 514 1221 598 1288; x_wconf 78' lang='lat' dir='ltr'><strong>tetis</strong></span> <span class='ocrx_word' id='word_1_66' title='bbox 632 1216 835 1306; x_wconf 89' lang='lat' dir='ltr'><strong>accepisse:</strong></span> <span class='ocrx_word' id='word_1_67' title='bbox 860 1215 912 1287; x_wconf 87' lang='lat' dir='ltr'><strong>ait</strong></span> <span class='ocrx_word' id='word_1_68' title='bbox 935 1217 1051 1286; x_wconf 91' lang='lat' dir='ltr'><strong>enim:</strong></span> <span class='ocrx_word' id='word_1_69' title='bbox 1078 1243 1096 1280; x_wconf 84' lang='lat'><strong>«</strong></span> <span class='ocrx_word' id='word_1_70' title='bbox 1113 1215 1202 1286; x_wconf 79' lang='lat' dir='ltr'><strong>Tale</strong></span> <span class='ocrx_word' id='word_1_71' title='bbox 1226 1214 1496 1285; x_wconf 83' lang='lat' dir='ltr'><strong>dichiaraaione</strong></span> <span class='ocrx_word' id='word_1_72' title='bbox 1518 1231 1561 1284; x_wconf 79' lang='lat' dir='ltr'><strong>ao</strong></span> <span class='ocrx_word' id='word_1_73' title='bbox 1579 1217 1621 1282; x_wconf 78' lang='lat' dir='ltr'><strong>di</strong></span> <span class='ocrx_word' id='word_1_74' title='bbox 1645 1217 1736 1282; x_wconf 82' lang='lat' dir='ltr'><strong>certo</strong></span> <span class='ocrx_word' id='word_1_75' title='bbox 1770 1211 1834 1283; x_wconf 88' lang='lat' dir='ltr'><strong>che</strong></span> <span class='ocrx_word' id='word_1_76' title='bbox 1862 1211 1894 1280; x_wconf 87' lang='lat' dir='ltr'><strong>la</strong></span> 
     </span>
     <span class='ocr_line' id='line_1_8' title="bbox 401 1336 1895 1430; baseline -0.003 -20"><span class='ocrx_word' id='word_1_77' title='bbox 401 1367 420 1403; x_wconf 67' lang='grc' dir='ltr'><strong><em>ι</em></strong></span> <span class='ocrx_word' id='word_1_78' title='bbox 436 1340 513 1411; x_wconf 83' lang='lat' dir='ltr'><strong>lece</strong></span> <span class='ocrx_word' id='word_1_79' title='bbox 537 1342 610 1412; x_wconf 87' lang='lat' dir='ltr'><strong>alla</strong></span> <span class='ocrx_word' id='word_1_80' title='bbox 634 1343 759 1413; x_wconf 83' lang='lat' dir='ltr'><strong>madre</strong></span> <span class='ocrx_word' id='word_1_81' title='bbox 783 1341 880 1412; x_wconf 90' lang='lat' dir='ltr'><strong>dello</strong></span> <span class='ocrx_word' id='word_1_82' title='bbox 903 1361 1028 1430; x_wconf 87' lang='lat' dir='ltr'><strong>sposo,</strong></span> <span class='ocrx_word' id='word_1_83' title='bbox 1049 1341 1085 1410; x_wconf 90' lang='lat' dir='ltr'><strong>al</strong></span> <span class='ocrx_word' id='word_1_84' title='bbox 1108 1340 1252 1411; x_wconf 84' lang='lat' dir='ltr'><strong>fratello</strong></span> <span class='ocrx_word' id='word_1_85' title='bbox 1277 1340 1372 1411; x_wconf 93' lang='lat' dir='ltr'><strong>dello</strong></span> <span class='ocrx_word' id='word_1_86' title='bbox 1397 1361 1508 1428; x_wconf 89' lang='lat' dir='ltr'><strong>sposo</strong></span> <span class='ocrx_word' id='word_1_87' title='bbox 1532 1339 1579 1410; x_wconf 90' lang='lat' dir='ltr'><strong>cd</strong></span> <span class='ocrx_word' id='word_1_88' title='bbox 1602 1338 1675 1408; x_wconf 88' lang='lat' dir='ltr'><strong>alla</strong></span> <span class='ocrx_word' id='word_1_89' title='bbox 1698 1358 1766 1408; x_wconf 89' lang='lat' dir='ltr'><strong>sua</strong></span> <span class='ocrx_word' id='word_1_90' title='bbox 1789 1336 1895 1406; x_wconf 90' lang='lat' dir='ltr'><strong>dami-</strong></span> 
     </span>
     <span class='ocr_line' id='line_1_9' title="bbox 400 1441 1894 1568; baseline -0.004 -32"><span class='ocrx_word' id='word_1_91' title='bbox 400 1441 531 1555; x_wconf 65' lang='lat' dir='ltr'><strong>‹igella</strong></span> <span class='ocrx_word' id='word_1_92' title='bbox 559 1468 596 1537; x_wconf 94' lang='lat' dir='ltr'><strong>di</strong></span> <span class='ocrx_word' id='word_1_93' title='bbox 627 1467 856 1557; x_wconf 81' lang='lat' dir='ltr'><strong>compagnia.</strong></span> <span class='ocrx_word' id='word_1_94' title='bbox 882 1466 1030 1552; x_wconf 83' lang='lat' dir='ltr'><strong>Qunsrr</strong></span> <span class='ocrx_word' id='word_1_95' title='bbox 1065 1486 1153 1568; x_wconf 38' lang='lat' dir='ltr'><strong>rar·</strong></span> <span class='ocrx_word' id='word_1_96' title='bbox 1170 1485 1332 1535; x_wconf 75' lang='lat' dir='ltr'><strong>reasons</strong></span> <span class='ocrx_word' id='word_1_97' title='bbox 1364 1485 1406 1534; x_wconf 83' lang='lat' dir='ltr'><strong>ur</strong></span> <span class='ocrx_word' id='word_1_98' title='bbox 1429 1483 1554 1534; x_wconf 76' lang='lat' dir='ltr'><strong>uarro</strong></span> <span class='ocrx_word' id='word_1_99' title='bbox 1589 1463 1650 1533; x_wconf 82' lang='lat' dir='ltr'><strong>cro</strong></span> <span class='ocrx_word' id='word_1_100' title='bbox 1685 1481 1851 1532; x_wconf 80' lang='lat' dir='ltr'><strong>nrrnmro</strong></span> <span class='ocrx_word' id='word_1_101' title='bbox 1867 1489 1894 1530; x_wconf 81' lang='lat'><strong>».</strong></span> 
     </span>
     <span class='ocr_line' id='line_1_10' title="bbox 359 1585 1895 1670; baseline -0.004 -9"><span class='ocrx_word' id='word_1_102' title='bbox 359 1609 361 1612; x_wconf 90' lang='grc'><strong><em>·</em></strong></span> <span class='ocrx_word' id='word_1_103' title='bbox 401 1591 515 1661; x_wconf 92' lang='lat' dir='ltr'><strong>Porro</strong></span> <span class='ocrx_word' id='word_1_104' title='bbox 540 1590 614 1660; x_wconf 90' lang='lat' dir='ltr'><strong>iam</strong></span> <span class='ocrx_word' id='word_1_105' title='bbox 632 1596 785 1661; x_wconf 88' lang='lat' dir='ltr'><strong>matrem</strong></span> <span class='ocrx_word' id='word_1_106' title='bbox 799 1591 943 1661; x_wconf 87' lang='lat' dir='ltr'><strong>Actoris</strong></span> <span class='ocrx_word' id='word_1_107' title='bbox 960 1589 1196 1660; x_wconf 89' lang='lat' dir='ltr'><strong>confitentem</strong></span> <span class='ocrx_word' id='word_1_108' title='bbox 1221 1589 1449 1660; x_wconf 88' lang='lat' dir='ltr'><strong>audivimus:</strong></span> <span class='ocrx_word' id='word_1_109' title='bbox 1475 1617 1493 1652; x_wconf 83' lang='grc'><strong>«</strong></span> <span class='ocrx_word' id='word_1_110' title='bbox 1511 1589 1553 1659; x_wconf 89' lang='lat' dir='ltr'><strong>Je</strong></span> <span class='ocrx_word' id='word_1_111' title='bbox 1568 1587 1641 1659; x_wconf 87' lang='lat' dir='ltr'><strong>n‘ai</strong></span> <span class='ocrx_word' id='word_1_112' title='bbox 1665 1585 1837 1670; x_wconf 88' lang='lat' dir='ltr'><strong>entendu,</strong></span> <span class='ocrx_word' id='word_1_113' title='bbox 1852 1607 1895 1655; x_wconf 91' lang='lat' dir='ltr'><strong>au</strong></span> 
     </span>
     <span class='ocr_line' id='line_1_11' title="bbox 401 1709 1897 1805; baseline -0.001 -25"><span class='ocrx_word' id='word_1_114' title='bbox 401 1744 419 1779; x_wconf 82' lang='lat'><strong>«</strong></span> <span class='ocrx_word' id='word_1_115' title='bbox 438 1721 602 1786; x_wconf 90' lang='lat' dir='ltr'><strong>moment</strong></span> <span class='ocrx_word' id='word_1_116' title='bbox 625 1716 676 1787; x_wconf 95' lang='lat' dir='ltr'><strong>du</strong></span> <span class='ocrx_word' id='word_1_117' title='bbox 699 1715 871 1805; x_wconf 75' lang='lat' dir='ltr'><strong>mariage,</strong></span> <span class='ocrx_word' id='word_1_118' title='bbox 888 1736 1010 1785; x_wconf 88' lang='lat' dir='ltr'><strong>aucun</strong></span> <span class='ocrx_word' id='word_1_119' title='bbox 1034 1735 1173 1804; x_wconf 88' lang='lat' dir='ltr'><strong>propos</strong></span> <span class='ocrx_word' id='word_1_120' title='bbox 1196 1714 1241 1785; x_wconf 91' lang='lat' dir='ltr'><strong>de</strong></span> <span class='ocrx_word' id='word_1_121' title='bbox 1266 1713 1359 1786; x_wconf 84' lang='lat' dir='ltr'><strong>Mlle.</strong></span> <span class='ocrx_word' id='word_1_122' title='bbox 1378 1713 1500 1784; x_wconf 85' lang='lat' dir='ltr'><strong>Gould</strong></span> <span class='ocrx_word' id='word_1_123' title='bbox 1523 1712 1598 1803; x_wconf 91' lang='lat' dir='ltr'><strong>qui,</strong></span> <span class='ocrx_word' id='word_1_124' title='bbox 1614 1713 1664 1782; x_wconf 91' lang='lat' dir='ltr'><strong>du</strong></span> <span class='ocrx_word' id='word_1_125' title='bbox 1687 1717 1796 1797; x_wconf 90' lang='lat' dir='ltr'><strong>reste,</strong></span> <span class='ocrx_word' id='word_1_126' title='bbox 1815 1709 1897 1780; x_wconf 78' lang='lat' dir='ltr'><strong>etait</strong></span> 
     </span>
     <span class='ocr_line' id='line_1_12' title="bbox 401 1835 1898 1929; baseline -0.001 -25"><span class='ocrx_word' id='word_1_127' title='bbox 401 1869 419 1904; x_wconf 82' lang='lat'>‹</span> <span class='ocrx_word' id='word_1_128' title='bbox 436 1841 511 1912; x_wconf 79' lang='lat' dir='ltr'><strong>nes</strong></span> <span class='ocrx_word' id='word_1_129' title='bbox 534 1861 607 1929; x_wconf 92' lang='lat' dir='ltr'><strong>peu</strong></span> <span class='ocrx_word' id='word_1_130' title='bbox 631 1838 938 1911; x_wconf 85' lang='lat' dir='ltr'><strong>communicative</strong></span> <span class='ocrx_word' id='word_1_131' title='bbox 961 1860 1052 1909; x_wconf 91' lang='lat' dir='ltr'><strong>avec</strong></span> <span class='ocrx_word' id='word_1_132' title='bbox 1075 1839 1149 1909; x_wconf 93' lang='lat' dir='ltr'><strong>moi</strong></span> <span class='ocrx_word' id='word_1_133' title='bbox 1167 1863 1204 1908; x_wconf 78' lang='lat' dir='ltr'><strong>»z</strong></span> <span class='ocrx_word' id='word_1_134' title='bbox 1228 1839 1341 1908; x_wconf 83' lang='lat' dir='ltr'><strong>frater</strong></span> <span class='ocrx_word' id='word_1_135' title='bbox 1362 1859 1459 1924; x_wconf 89' lang='lat' dir='ltr'><strong>vero,</strong></span> <span class='ocrx_word' id='word_1_136' title='bbox 1480 1842 1516 1909; x_wconf 89' lang='lat' dir='ltr'><strong>et</strong></span> <span class='ocrx_word' id='word_1_137' title='bbox 1539 1836 1698 1907; x_wconf 87' lang='lat' dir='ltr'><strong>Domina</strong></span> <span class='ocrx_word' id='word_1_138' title='bbox 1722 1835 1898 1906; x_wconf 89' lang='lat' dir='ltr'><strong>Cameron</strong></span> 
     </span>
     <span class='ocr_line' id='line_1_13' title="bbox 399 1958 1898 2049; baseline -0.005 -14"><span class='ocrx_word' id='word_1_139' title='bbox 399 1965 563 2035; x_wconf 81' lang='lat' dir='ltr'><strong>referunt</strong></span> <span class='ocrx_word' id='word_1_140' title='bbox 585 1964 843 2035; x_wconf 89' lang='lat' dir='ltr'><strong>tantummodo</strong></span> <span class='ocrx_word' id='word_1_141' title='bbox 878 1985 1065 2034; x_wconf 75' lang='lat' dir='ltr'><strong>erroneam</strong></span> <span class='ocrx_word' id='word_1_142' title='bbox 1086 1967 1216 2034; x_wconf 71' lang='lat' dir='ltr'><strong>Annae</strong></span> <span class='ocrx_word' id='word_1_143' title='bbox 1238 1965 1442 2049; x_wconf 75' lang='lat' dir='ltr'><strong>opinionem</strong></span> <span class='ocrx_word' id='word_1_144' title='bbox 1465 1961 1562 2032; x_wconf 92' lang='lat' dir='ltr'><strong>circa</strong></span> <span class='ocrx_word' id='word_1_145' title='bbox 1583 1958 1809 2031; x_wconf 91' lang='lat' dir='ltr'><strong>matrimonii</strong></span> <span class='ocrx_word' id='word_1_146' title='bbox 1832 1958 1898 2028; x_wconf 75' lang='lat' dir='ltr'><strong>dis</strong></span> 
     </span>
     <span class='ocr_line' id='line_1_14' title="bbox 401 2089 940 2192; baseline -0.006 -31"><span class='ocrx_word' id='word_1_147' title='bbox 401 2089 677 2161; x_wconf 88' lang='lat' dir='ltr'><strong>solubilitatem.</strong></span> <span class='ocrx_word' id='word_1_148' title='bbox 935 2183 940 2192; x_wconf 29' lang='lat'>&#39;</span> 
     </span>
    </p>

    <p class='ocr_par' dir='ltr' id='par_1_3' title="bbox 404 2208 1900 2427">
     <span class='ocr_line' id='line_1_15' title="bbox 506 2208 1899 2302; baseline -0.005 -18"><span class='ocrx_word' id='word_1_149' title='bbox 506 2214 629 2300; x_wconf 85' lang='lat' dir='ltr'><strong>Quare</strong></span> <span class='ocrx_word' id='word_1_150' title='bbox 660 2214 745 2284; x_wconf 91' lang='lat' dir='ltr'><strong>inde</strong></span> <span class='ocrx_word' id='word_1_151' title='bbox 769 2213 862 2299; x_wconf 86' lang='lat' dir='ltr'><strong>fluit,</strong></span> <span class='ocrx_word' id='word_1_152' title='bbox 883 2213 985 2284; x_wconf 88' lang='lat' dir='ltr'><strong>haud</strong></span> <span class='ocrx_word' id='word_1_153' title='bbox 1008 2234 1055 2284; x_wconf 91' lang='lat' dir='ltr'><strong>ex</strong></span> <span class='ocrx_word' id='word_1_154' title='bbox 1077 2213 1170 2284; x_wconf 88' lang='lat' dir='ltr'><strong>actis</strong></span> <span class='ocrx_word' id='word_1_155' title='bbox 1203 2213 1399 2302; x_wconf 90' lang='lat' dir='ltr'><strong>probatum</strong></span> <span class='ocrx_word' id='word_1_156' title='bbox 1421 2212 1550 2282; x_wconf 89' lang='lat' dir='ltr'><strong>haberi</strong></span> <span class='ocrx_word' id='word_1_157' title='bbox 1572 2212 1717 2282; x_wconf 85' lang='lat' dir='ltr'><strong>Annam</strong></span> <span class='ocrx_word' id='word_1_158' title='bbox 1742 2208 1899 2280; x_wconf 84' lang='lat' dir='ltr'><strong>edidisse</strong></span> 
     </span>
     <span class='ocr_line' id='line_1_16' title="bbox 404 2332 1900 2427; baseline -0.006 -18"><span class='ocrx_word' id='word_1_159' title='bbox 404 2345 489 2409; x_wconf 88' lang='lat' dir='ltr'><strong>ante</strong></span> <span class='ocrx_word' id='word_1_160' title='bbox 513 2339 662 2427; x_wconf 89' lang='lat' dir='ltr'><strong>nuptias</strong></span> <span class='ocrx_word' id='word_1_161' title='bbox 687 2357 765 2408; x_wconf 90' lang='lat' dir='ltr'><strong>eam</strong></span> <span class='ocrx_word' id='word_1_162' title='bbox 790 2337 1106 2426; x_wconf 84' lang='lat' dir='ltr'><strong>protestationem,</strong></span> <span class='ocrx_word' id='word_1_163' title='bbox 1122 2359 1145 2408; x_wconf 98' lang='lat' dir='ltr'><strong>a</strong></span> <span class='ocrx_word' id='word_1_164' title='bbox 1159 2336 1239 2407; x_wconf 90' lang='lat' dir='ltr'><strong>viro</strong></span> <span class='ocrx_word' id='word_1_165' title='bbox 1263 2336 1455 2423; x_wconf 88' lang='lat' dir='ltr'><strong>obiectam,</strong></span> <span class='ocrx_word' id='word_1_166' title='bbox 1471 2341 1508 2406; x_wconf 90' lang='lat' dir='ltr'><strong>et</strong></span> <span class='ocrx_word' id='word_1_167' title='bbox 1524 2357 1606 2406; x_wconf 89' lang='lat' dir='ltr'><strong>cum</strong></span> <span class='ocrx_word' id='word_1_168' title='bbox 1632 2355 1677 2406; x_wconf 91' lang='lat' dir='ltr'><strong>ea</strong></span> <span class='ocrx_word' id='word_1_169' title='bbox 1698 2332 1900 2404; x_wconf 89' lang='lat' dir='ltr'><strong>intentione</strong></span> 
     </span>
    </p>
   </div>
   <div class='ocr_carea' id='block_1_3' title="bbox 280 2457 1825 2570">
    <p class='ocr_par' dir='ltr' id='par_1_4' title="bbox 280 2457 1825 2570">
     <span class='ocr_line' id='line_1_17' title="bbox 280 2457 1825 2570; baseline -0.003 -38"><span class='ocrx_word' id='word_1_170' title='bbox 280 2565 281 2570; x_wconf 6' lang='grc' dir='ltr'><strong>Ἰ</strong></span> <span class='ocrx_word' id='word_1_171' title='bbox 402 2462 534 2532; x_wconf 87' lang='lat' dir='ltr'><strong>fecisse</strong></span> <span class='ocrx_word' id='word_1_172' title='bbox 558 2469 600 2532; x_wconf 94' lang='lat' dir='ltr'><strong>ut</strong></span> <span class='ocrx_word' id='word_1_173' title='bbox 622 2462 789 2552; x_wconf 83' lang='lat' dir='ltr'><strong>alligaret</strong></span> <span class='ocrx_word' id='word_1_174' title='bbox 810 2483 918 2533; x_wconf 89' lang='lat' dir='ltr'><strong>suum</strong></span> <span class='ocrx_word' id='word_1_175' title='bbox 944 2482 1167 2532; x_wconf 91' lang='lat' dir='ltr'><strong>consensum</strong></span> <span class='ocrx_word' id='word_1_176' title='bbox 1190 2461 1230 2531; x_wconf 91' lang='lat' dir='ltr'><strong>in</strong></span> <span class='ocrx_word' id='word_1_177' title='bbox 1253 2460 1529 2532; x_wconf 89' lang='lat' dir='ltr'><strong>matrimonium</strong></span> <span class='ocrx_word' id='word_1_178' title='bbox 1552 2459 1718 2532; x_wconf 88' lang='lat' dir='ltr'><strong>fidelitati</strong></span> <span class='ocrx_word' id='word_1_179' title='bbox 1742 2457 1825 2528; x_wconf 90' lang='lat' dir='ltr'><strong>viri.</strong></span> 
     </span>
    </p>
   </div>
   <div class='ocr_carea' id='block_1_4' title="bbox 401 2585 1904 3298">
    <p class='ocr_par' dir='ltr' id='par_1_5' title="bbox 401 2585 1903 2924">
     <span class='ocr_line' id='line_1_18' title="bbox 504 2585 1903 2675; baseline -0.004 -20"><span class='ocrx_word' id='word_1_180' title='bbox 504 2586 638 2656; x_wconf 89' lang='lat' dir='ltr'><strong>Verum</strong></span> <span class='ocrx_word' id='word_1_181' title='bbox 670 2586 997 2657; x_wconf 88' lang='lat' dir='ltr'><strong>consideraverunt</strong></span> <span class='ocrx_word' id='word_1_182' title='bbox 1020 2585 1168 2656; x_wconf 89' lang='lat' dir='ltr'><strong>Domini</strong></span> <span class='ocrx_word' id='word_1_183' title='bbox 1199 2586 1300 2675; x_wconf 93' lang='lat' dir='ltr'><strong>quod</strong></span> <span class='ocrx_word' id='word_1_184' title='bbox 1323 2590 1360 2655; x_wconf 88' lang='lat' dir='ltr'><strong>ct</strong></span> <span class='ocrx_word' id='word_1_185' title='bbox 1382 2585 1415 2656; x_wconf 88' lang='lat' dir='ltr'><strong>si</strong></span> <span class='ocrx_word' id='word_1_186' title='bbox 1437 2605 1567 2656; x_wconf 90' lang='lat' dir='ltr'><strong>revera</strong></span> <span class='ocrx_word' id='word_1_187' title='bbox 1588 2585 1698 2655; x_wconf 89' lang='lat' dir='ltr'><strong>Anna</strong></span> <span class='ocrx_word' id='word_1_188' title='bbox 1720 2604 1766 2654; x_wconf 89' lang='lat' dir='ltr'><strong>ea</strong></span> <span class='ocrx_word' id='word_1_189' title='bbox 1788 2588 1903 2672; x_wconf 89' lang='lat' dir='ltr'><strong>prote·</strong></span> 
     </span>
     <span class='ocr_line' id='line_1_19' title="bbox 402 2707 1901 2799; baseline -0.003 -21"><span class='ocrx_word' id='word_1_190' title='bbox 402 2714 500 2779; x_wconf 87' lang='lat' dir='ltr'><strong>stata</strong></span> <span class='ocrx_word' id='word_1_191' title='bbox 515 2711 646 2780; x_wconf 74' lang='lat' dir='ltr'><strong>diisset</strong></span> <span class='ocrx_word' id='word_1_192' title='bbox 657 2731 753 2799; x_wconf 92' lang='lat' dir='ltr'><strong>quae</strong></span> <span class='ocrx_word' id='word_1_193' title='bbox 769 2709 825 2780; x_wconf 92' lang='lat' dir='ltr'><strong>vir</strong></span> <span class='ocrx_word' id='word_1_194' title='bbox 835 2711 946 2780; x_wconf 86' lang='lat' dir='ltr'><strong>refert</strong></span> <span class='ocrx_word' id='word_1_195' title='bbox 961 2713 998 2781; x_wconf 88' lang='lat' dir='ltr'><strong>ct</strong></span> <span class='ocrx_word' id='word_1_196' title='bbox 1012 2713 1126 2779; x_wconf 90' lang='lat' dir='ltr'><strong>testes</strong></span> <span class='ocrx_word' id='word_1_197' title='bbox 1142 2707 1190 2779; x_wconf 89' lang='lat' dir='ltr'><strong>ab</strong></span> <span class='ocrx_word' id='word_1_198' title='bbox 1207 2729 1250 2779; x_wconf 91' lang='lat' dir='ltr'><strong>eo</strong></span> <span class='ocrx_word' id='word_1_199' title='bbox 1267 2707 1436 2798; x_wconf 87' lang='lat' dir='ltr'><strong>producti</strong></span> <span class='ocrx_word' id='word_1_200' title='bbox 1452 2709 1681 2792; x_wconf 86' lang='lat' dir='ltr'><strong>confirmant,</strong></span> <span class='ocrx_word' id='word_1_201' title='bbox 1697 2725 1901 2796; x_wconf 88' lang='lat' dir='ltr'><strong>numquam</strong></span> 
     </span>
     <span class='ocr_line' id='line_1_20' title="bbox 401 2832 1314 2924; baseline -0.002 -20"><span class='ocrx_word' id='word_1_202' title='bbox 401 2854 445 2904; x_wconf 85' lang='lat' dir='ltr'><strong>ex</strong></span> <span class='ocrx_word' id='word_1_203' title='bbox 463 2833 555 2904; x_wconf 85' lang='lat' dir='ltr'><strong>actis</strong></span> <span class='ocrx_word' id='word_1_204' title='bbox 570 2835 726 2923; x_wconf 84' lang='lat' dir='ltr'><strong>probata</strong></span> <span class='ocrx_word' id='word_1_205' title='bbox 742 2833 914 2904; x_wconf 86' lang='lat' dir='ltr'><strong>existeret</strong></span> <span class='ocrx_word' id='word_1_206' title='bbox 929 2839 1126 2924; x_wconf 88' lang='lat' dir='ltr'><strong>praetensa</strong></span> <span class='ocrx_word' id='word_1_207' title='bbox 1141 2832 1314 2904; x_wconf 92' lang='lat' dir='ltr'><strong>conditio.</strong></span> 
     </span>
    </p>

    <p class='ocr_par' dir='ltr' id='par_1_6' title="bbox 401 2953 1904 3298">
     <span class='ocr_line' id='line_1_21' title="bbox 506 2953 1904 3047; baseline -0.003 -20"><span class='ocrx_word' id='word_1_208' title='bbox 506 2959 552 3028; x_wconf 85' lang='lat' dir='ltr'><strong>Et</strong></span> <span class='ocrx_word' id='word_1_209' title='bbox 574 2959 755 3047; x_wconf 88' lang='lat' dir='ltr'><strong>profecto:</strong></span> <span class='ocrx_word' id='word_1_210' title='bbox 780 2959 892 3028; x_wconf 87' lang='lat' dir='ltr'><strong>Actor</strong></span> <span class='ocrx_word' id='word_1_211' title='bbox 914 2963 1072 3030; x_wconf 87' lang='lat' dir='ltr'><strong>testatus</strong></span> <span class='ocrx_word' id='word_1_212' title='bbox 1103 2963 1177 3028; x_wconf 88' lang='lat' dir='ltr'><strong>est:</strong></span> <span class='ocrx_word' id='word_1_213' title='bbox 1203 2983 1223 3021; x_wconf 74' lang='lat'><strong>&lt;</strong></span> <span class='ocrx_word' id='word_1_214' title='bbox 1239 2957 1317 3027; x_wconf 80' lang='lat' dir='ltr'><strong>Elle</strong></span> <span class='ocrx_word' id='word_1_215' title='bbox 1341 2978 1400 3026; x_wconf 90' lang='lat' dir='ltr'><strong>me</strong></span> <span class='ocrx_word' id='word_1_216' title='bbox 1423 2957 1477 3026; x_wconf 90' lang='lat' dir='ltr'><strong>dit</strong></span> <span class='ocrx_word' id='word_1_217' title='bbox 1499 2957 1631 3046; x_wconf 90' lang='lat' dir='ltr'><strong>qu&#39;elle</strong></span> <span class='ocrx_word' id='word_1_218' title='bbox 1655 2957 1743 3028; x_wconf 78' lang='lat' dir='ltr'><strong>cuit</strong></span> <span class='ocrx_word' id='word_1_219' title='bbox 1779 2953 1904 3027; x_wconf 76' lang='lat' dir='ltr'><strong>ameri-</strong></span> 
     </span>
     <span class='ocr_line' id='line_1_22' title="bbox 401 3081 1904 3173; baseline 0.001 -26"><span class='ocrx_word' id='word_1_220' title='bbox 401 3110 421 3147; x_wconf 65' lang='grc' dir='ltr'><strong><em>ι</em></strong></span> <span class='ocrx_word' id='word_1_221' title='bbox 437 3083 541 3155; x_wconf 90' lang='lat' dir='ltr'><strong>caine</strong></span> <span class='ocrx_word' id='word_1_222' title='bbox 557 3088 796 3172; x_wconf 88' lang='lat' dir='ltr'><strong>protestante,</strong></span> <span class='ocrx_word' id='word_1_223' title='bbox 816 3084 948 3173; x_wconf 89' lang='lat' dir='ltr'><strong>qu’elle</strong></span> <span class='ocrx_word' id='word_1_224' title='bbox 971 3084 1061 3154; x_wconf 77' lang='lat' dir='ltr'><strong>etait</strong></span> <span class='ocrx_word' id='word_1_225' title='bbox 1082 3083 1185 3168; x_wconf 87' lang='lat' dir='ltr'><strong>libre,</strong></span> <span class='ocrx_word' id='word_1_226' title='bbox 1209 3103 1282 3172; x_wconf 92' lang='lat' dir='ltr'><strong>que</strong></span> <span class='ocrx_word' id='word_1_227' title='bbox 1306 3103 1375 3152; x_wconf 89' lang='lat' dir='ltr'><strong>son</strong></span> <span class='ocrx_word' id='word_1_228' title='bbox 1400 3081 1559 3172; x_wconf 75' lang='lat' dir='ltr'><strong>manage</strong></span> <span class='ocrx_word' id='word_1_229' title='bbox 1582 3103 1629 3152; x_wconf 93' lang='lat' dir='ltr'><strong>ne</strong></span> <span class='ocrx_word' id='word_1_230' title='bbox 1652 3082 1807 3171; x_wconf 90' lang='lat' dir='ltr'><strong>pouvait</strong></span> <span class='ocrx_word' id='word_1_231' title='bbox 1822 3081 1904 3150; x_wconf 91' lang='lat' dir='ltr'><strong>l&#39;en·</strong></span> 
     </span>
     <span class='ocr_line' id='line_1_23' title="bbox 401 3206 1904 3298; baseline 0.002 -27"><span class='ocrx_word' id='word_1_232' title='bbox 401 3234 421 3271; x_wconf 65' lang='grc' dir='ltr'><strong><em>ι</em></strong></span> <span class='ocrx_word' id='word_1_233' title='bbox 436 3229 547 3298; x_wconf 82' lang='lat' dir='ltr'><strong>gager</strong></span> <span class='ocrx_word' id='word_1_234' title='bbox 562 3208 887 3278; x_wconf 81' lang='lat' dir='ltr'><strong>irrevocablement</strong></span> <span class='ocrx_word' id='word_1_235' title='bbox 903 3235 934 3277; x_wconf 82' lang='grc'><strong>».</strong></span> <span class='ocrx_word' id='word_1_236' title='bbox 958 3208 1117 3279; x_wconf 91' lang='lat' dir='ltr'><strong>Ioannes</strong></span> <span class='ocrx_word' id='word_1_237' title='bbox 1141 3209 1186 3279; x_wconf 92' lang='lat' dir='ltr'><strong>de</strong></span> <span class='ocrx_word' id='word_1_238' title='bbox 1211 3207 1431 3292; x_wconf 86' lang='lat' dir='ltr'><strong>Castellane,</strong></span> <span class='ocrx_word' id='word_1_239' title='bbox 1446 3207 1558 3276; x_wconf 88' lang='lat' dir='ltr'><strong>irater</strong></span> <span class='ocrx_word' id='word_1_240' title='bbox 1581 3206 1721 3296; x_wconf 87' lang='lat' dir='ltr'><strong>sponsi,</strong></span> <span class='ocrx_word' id='word_1_241' title='bbox 1745 3211 1904 3277; x_wconf 86' lang='lat' dir='ltr'><strong>testatus</strong></span> 
     </span>
    </p>
   </div>
   <div class='ocr_carea' id='block_1_5' title="bbox 250 3330 1904 3422">
    <p class='ocr_par' dir='ltr' id='par_1_7' title="bbox 250 3330 1904 3422">
     <span class='ocr_line' id='line_1_24' title="bbox 250 3330 1904 3422; baseline -0.001 -22"><span class='ocrx_word' id='word_1_242' title='bbox 250 3351 264 3380; x_wconf 87' lang='lat'><strong>·</strong></span> <span class='ocrx_word' id='word_1_243' title='bbox 400 3335 466 3416; x_wconf 90' lang='lat' dir='ltr'><strong>est,</strong></span> <span class='ocrx_word' id='word_1_244' title='bbox 482 3331 629 3401; x_wconf 89' lang='lat' dir='ltr'><strong>Annam</strong></span> <span class='ocrx_word' id='word_1_245' title='bbox 645 3332 783 3402; x_wconf 85' lang='lat' dir='ltr'><strong>dixisse</strong></span> <span class='ocrx_word' id='word_1_246' title='bbox 799 3331 925 3421; x_wconf 92' lang='lat' dir='ltr'><strong>paullo</strong></span> <span class='ocrx_word' id='word_1_247' title='bbox 950 3337 1035 3403; x_wconf 90' lang='lat' dir='ltr'><strong>ante</strong></span> <span class='ocrx_word' id='word_1_248' title='bbox 1058 3333 1224 3421; x_wconf 90' lang='lat' dir='ltr'><strong>nuptias:</strong></span> <span class='ocrx_word' id='word_1_249' title='bbox 1251 3360 1270 3396; x_wconf 66' lang='grc' dir='ltr'><strong><em>ι</em></strong></span> <span class='ocrx_word' id='word_1_250' title='bbox 1287 3331 1415 3402; x_wconf 89' lang='lat' dir='ltr'><strong>“Boni</strong></span> <span class='ocrx_word' id='word_1_251' title='bbox 1440 3331 1532 3402; x_wconf 89' lang='lat' dir='ltr'><strong>croit</strong></span> <span class='ocrx_word' id='word_1_252' title='bbox 1554 3331 1643 3421; x_wconf 86' lang='lat' dir='ltr'><strong>qu’il</strong></span> <span class='ocrx_word' id='word_1_253' title='bbox 1666 3353 1726 3402; x_wconf 91' lang='lat' dir='ltr'><strong>me</strong></span> <span class='ocrx_word' id='word_1_254' title='bbox 1748 3330 1904 3422; x_wconf 82' lang='lat' dir='ltr'><strong>gardera</strong></span> 
     </span>
    </p>
   </div>
   <div class='ocr_carea' id='block_1_6' title="bbox 401 3455 1905 3548">
    <p class='ocr_par' dir='ltr' id='par_1_8' title="bbox 401 3455 1905 3548">
     <span class='ocr_line' id='line_1_25' title="bbox 401 3455 1905 3548; baseline 0.001 -26"><span class='ocrx_word' id='word_1_255' title='bbox 401 3482 421 3519; x_wconf 83' lang='lat'>‹</span> <span class='ocrx_word' id='word_1_256' title='bbox 435 3459 622 3548; x_wconf 90' lang='lat' dir='ltr'><strong>toujours;</strong></span> <span class='ocrx_word' id='word_1_257' title='bbox 647 3456 673 3526; x_wconf 93' lang='lat' dir='ltr'><strong>il</strong></span> <span class='ocrx_word' id='word_1_258' title='bbox 697 3479 755 3527; x_wconf 92' lang='lat' dir='ltr'><strong>me</strong></span> <span class='ocrx_word' id='word_1_259' title='bbox 776 3458 941 3547; x_wconf 41' lang='lat' dir='ltr'><strong>‘gardera</strong></span> <span class='ocrx_word' id='word_1_260' title='bbox 962 3462 1044 3528; x_wconf 92' lang='lat' dir='ltr'><strong>tant</strong></span> <span class='ocrx_word' id='word_1_261' title='bbox 1074 3477 1146 3546; x_wconf 92' lang='lat' dir='ltr'><strong>que</strong></span> <span class='ocrx_word' id='word_1_262' title='bbox 1164 3459 1202 3548; x_wconf 90' lang='lat' dir='ltr'><strong>je</strong></span> <span class='ocrx_word' id='word_1_263' title='bbox 1226 3457 1396 3542; x_wconf 89' lang='lat' dir='ltr'><strong>voudrai;</strong></span> <span class='ocrx_word' id='word_1_264' title='bbox 1422 3463 1459 3527; x_wconf 91' lang='lat' dir='ltr'><strong>et</strong></span> <span class='ocrx_word' id='word_1_265' title='bbox 1489 3457 1546 3526; x_wconf 87' lang='lat' dir='ltr'><strong>s&#39;il</strong></span> <span class='ocrx_word' id='word_1_266' title='bbox 1568 3477 1616 3527; x_wconf 90' lang='lat' dir='ltr'><strong>ne</strong></span> <span class='ocrx_word' id='word_1_267' title='bbox 1641 3477 1699 3526; x_wconf 91' lang='lat' dir='ltr'><strong>me</strong></span> <span class='ocrx_word' id='word_1_268' title='bbox 1730 3455 1905 3527; x_wconf 87' lang='lat' dir='ltr'><strong>convient</strong></span> 
     </span>
    </p>
   </div>
   <div class='ocr_carea' id='block_1_7' title="bbox 401 3581 1907 3788">
    <p class='ocr_par' dir='ltr' id='par_1_9' title="bbox 401 3581 1907 3788">
     <span class='ocr_line' id='line_1_26' title="bbox 401 3581 1906 3673; baseline 0.001 -27"><span class='ocrx_word' id='word_1_269' title='bbox 401 3607 421 3644; x_wconf 68' lang='grc' dir='ltr'><strong><em>ι</em></strong></span> <span class='ocrx_word' id='word_1_270' title='bbox 436 3582 529 3670; x_wconf 80' lang='lat' dir='ltr'><strong>plue,</strong></span> <span class='ocrx_word' id='word_1_271' title='bbox 545 3583 583 3672; x_wconf 75' lang='lat' dir='ltr'><strong>ie</strong></span> <span class='ocrx_word' id='word_1_272' title='bbox 608 3581 819 3652; x_wconf 88' lang='lat' dir='ltr'><strong>divorccrai.</strong></span> <span class='ocrx_word' id='word_1_273' title='bbox 845 3582 887 3652; x_wconf 89' lang='lat' dir='ltr'><strong>Je</strong></span> <span class='ocrx_word' id='word_1_274' title='bbox 904 3581 984 3653; x_wconf 92' lang='lat' dir='ltr'><strong>suis</strong></span> <span class='ocrx_word' id='word_1_275' title='bbox 1006 3587 1234 3670; x_wconf 85' lang='lat' dir='ltr'><strong>protestante</strong></span> <span class='ocrx_word' id='word_1_276' title='bbox 1258 3587 1295 3653; x_wconf 91' lang='lat' dir='ltr'><strong>et</strong></span> <span class='ocrx_word' id='word_1_277' title='bbox 1314 3584 1352 3673; x_wconf 87' lang='lat' dir='ltr'><strong>je</strong></span> <span class='ocrx_word' id='word_1_278' title='bbox 1369 3581 1445 3652; x_wconf 90' lang='lat' dir='ltr'><strong>sais</strong></span> <span class='ocrx_word' id='word_1_279' title='bbox 1468 3602 1541 3671; x_wconf 90' lang='lat' dir='ltr'><strong>quc</strong></span> <span class='ocrx_word' id='word_1_280' title='bbox 1560 3583 1599 3672; x_wconf 77' lang='lat' dir='ltr'><strong>Je</strong></span> <span class='ocrx_word' id='word_1_281' title='bbox 1615 3602 1713 3671; x_wconf 83' lang='lat' dir='ltr'><strong>peux</strong></span> <span class='ocrx_word' id='word_1_282' title='bbox 1736 3581 1906 3652; x_wconf 90' lang='lat' dir='ltr'><strong>divorcer</strong></span> 
     </span>
     <span class='ocr_line' id='line_1_27' title="bbox 401 3696 1907 3788; baseline 0.002 -27"><span class='ocrx_word' id='word_1_283' title='bbox 401 3698 563 3787; x_wconf 81' lang='lat' dir='ltr'><strong>«quand</strong></span> <span class='ocrx_word' id='word_1_284' title='bbox 581 3699 618 3788; x_wconf 82' lang='lat' dir='ltr'><strong>J‘e</strong></span> <span class='ocrx_word' id='word_1_285' title='bbox 642 3697 816 3768; x_wconf 88' lang='lat' dir='ltr'><strong>voudrais</strong></span> <span class='ocrx_word' id='word_1_286' title='bbox 828 3699 859 3766; x_wconf 90' lang='grc'><strong>”.</strong></span> <span class='ocrx_word' id='word_1_287' title='bbox 877 3698 919 3768; x_wconf 89' lang='lat' dir='ltr'><strong>Je</strong></span> <span class='ocrx_word' id='word_1_288' title='bbox 942 3698 1069 3768; x_wconf 90' lang='lat' dir='ltr'><strong>luidis</strong></span> <span class='ocrx_word' id='word_1_289' title='bbox 1088 3701 1186 3770; x_wconf 90' lang='lat' dir='ltr'><strong>alors</strong></span> <span class='ocrx_word' id='word_1_290' title='bbox 1204 3698 1336 3787; x_wconf 88' lang='lat' dir='ltr'><strong>qu’elle</strong></span> <span class='ocrx_word' id='word_1_291' title='bbox 1360 3697 1504 3768; x_wconf 90' lang='lat' dir='ltr'><strong>devrait</strong></span> <span class='ocrx_word' id='word_1_292' title='bbox 1517 3697 1604 3768; x_wconf 87' lang='lat' dir='ltr'><strong>bien</strong></span> <span class='ocrx_word' id='word_1_293' title='bbox 1621 3718 1661 3768; x_wconf 89' lang='lat' dir='ltr'><strong>se</strong></span> <span class='ocrx_word' id='word_1_294' title='bbox 1676 3696 1767 3768; x_wconf 84' lang='lat' dir='ltr'><strong>faire</strong></span> <span class='ocrx_word' id='word_1_295' title='bbox 1784 3697 1907 3768; x_wconf 87' lang='lat' dir='ltr'><strong>catho-</strong></span> 
     </span>
    </p>
   </div>
   <div class='ocr_carea' id='block_1_8' title="bbox 400 3821 1911 5530">
    <p class='ocr_par' dir='ltr' id='par_1_10' title="bbox 400 3821 1911 5530">
     <span class='ocr_line' id='line_1_28' title="bbox 401 3821 1906 3920; baseline 0.004 -34"><span class='ocrx_word' id='word_1_296' title='bbox 401 3823 599 3912; x_wconf 74' lang='lat' dir='ltr'><strong>«liqueat</strong></span> <span class='ocrx_word' id='word_1_297' title='bbox 622 3822 690 3893; x_wconf 91' lang='lat' dir='ltr'><strong>elle</strong></span> <span class='ocrx_word' id='word_1_298' title='bbox 714 3843 773 3893; x_wconf 91' lang='lat' dir='ltr'><strong>me</strong></span> <span class='ocrx_word' id='word_1_299' title='bbox 796 3822 983 3911; x_wconf 79' lang='lat' dir='ltr'><strong>repondit:</strong></span> <span class='ocrx_word' id='word_1_300' title='bbox 1009 3829 1029 3860; x_wconf 88' lang='lat'>“</span> <span class='ocrx_word' id='word_1_301' title='bbox 1046 3823 1146 3893; x_wconf 91' lang='lat' dir='ltr'><strong>Pour</strong></span> <span class='ocrx_word' id='word_1_302' title='bbox 1168 3822 1248 3893; x_wconf 87' lang='lat' dir='ltr'><strong>rien</strong></span> <span class='ocrx_word' id='word_1_303' title='bbox 1271 3845 1320 3894; x_wconf 93' lang='lat' dir='ltr'><strong>au</strong></span> <span class='ocrx_word' id='word_1_304' title='bbox 1336 3823 1488 3914; x_wconf 83' lang='lat' dir='ltr'><strong>monde:</strong></span> <span class='ocrx_word' id='word_1_305' title='bbox 1513 3842 1622 3912; x_wconf 90' lang='lat' dir='ltr'><strong>parce</strong></span> <span class='ocrx_word' id='word_1_306' title='bbox 1646 3842 1718 3912; x_wconf 92' lang='lat' dir='ltr'><strong>que</strong></span> <span class='ocrx_word' id='word_1_307' title='bbox 1737 3821 1771 3892; x_wconf 91' lang='lat' dir='ltr'><strong>si</strong></span> <span class='ocrx_word' id='word_1_308' title='bbox 1791 3823 1831 3912; x_wconf 89' lang='lat' dir='ltr'><strong>je</strong></span> <span class='ocrx_word' id='word_1_309' title='bbox 1848 3841 1906 3920; x_wconf 81' lang='lat' dir='ltr'><strong>me</strong></span> 
     </span>
     <span class='ocr_line' id='line_1_29' title="bbox 401 3929 1907 4038; baseline 0.003 -27"><span class='ocrx_word' id='word_1_310' title='bbox 401 3929 565 4017; x_wconf 80' lang='lat' dir='ltr'><strong>«laiseis</strong></span> <span class='ocrx_word' id='word_1_311' title='bbox 588 3947 808 4036; x_wconf 90' lang='lat' dir='ltr'><strong>catholique‚</strong></span> <span class='ocrx_word' id='word_1_312' title='bbox 828 3949 866 4038; x_wconf 89' lang='lat' dir='ltr'><strong>je</strong></span> <span class='ocrx_word' id='word_1_313' title='bbox 889 3967 936 4017; x_wconf 91' lang='lat' dir='ltr'><strong>ne</strong></span> <span class='ocrx_word' id='word_1_314' title='bbox 959 3949 1129 4036; x_wconf 89' lang='lat' dir='ltr'><strong>pourrais</strong></span> <span class='ocrx_word' id='word_1_315' title='bbox 1144 3969 1213 4037; x_wconf 90' lang='lat' dir='ltr'><strong>pas</strong></span> <span class='ocrx_word' id='word_1_316' title='bbox 1229 3969 1287 4018; x_wconf 90' lang='lat' dir='ltr'><strong>me</strong></span> <span class='ocrx_word' id='word_1_317' title='bbox 1302 3947 1477 4019; x_wconf 80' lang='lat' dir='ltr'><strong>remarier</strong></span> <span class='ocrx_word' id='word_1_318' title='bbox 1492 3952 1529 4019; x_wconf 90' lang='lat' dir='ltr'><strong>et</strong></span> <span class='ocrx_word' id='word_1_319' title='bbox 1540 3949 1578 4038; x_wconf 89' lang='lat' dir='ltr'><strong>jc</strong></span> <span class='ocrx_word' id='word_1_320' title='bbox 1597 3968 1695 4018; x_wconf 83' lang='lat' dir='ltr'><strong>veux</strong></span> <span class='ocrx_word' id='word_1_321' title='bbox 1711 3949 1788 4018; x_wconf 81' lang='lat' dir='ltr'><strong>dtre</strong></span> <span class='ocrx_word' id='word_1_322' title='bbox 1813 3947 1907 4016; x_wconf 91' lang='lat' dir='ltr'><strong>libre</strong></span> 
     </span>
     <span class='ocr_line' id='line_1_30' title="bbox 401 4072 1907 4162; baseline 0.002 -26"><span class='ocrx_word' id='word_1_323' title='bbox 401 4099 421 4136; x_wconf 65' lang='grc' dir='ltr'><strong><em>ι</em></strong></span> <span class='ocrx_word' id='word_1_324' title='bbox 438 4072 483 4142; x_wconf 89' lang='lat' dir='ltr'><strong>de</strong></span> <span class='ocrx_word' id='word_1_325' title='bbox 513 4072 547 4142; x_wconf 90' lang='lat' dir='ltr'><strong>lc</strong></span> <span class='ocrx_word' id='word_1_326' title='bbox 571 4072 660 4142; x_wconf 86' lang='lat' dir='ltr'><strong>faire</strong></span> <span class='ocrx_word' id='word_1_327' title='bbox 691 4073 817 4162; x_wconf 89' lang='lat' dir='ltr'><strong>quand</strong></span> <span class='ocrx_word' id='word_1_328' title='bbox 836 4073 874 4162; x_wconf 89' lang='lat' dir='ltr'><strong>je</strong></span> <span class='ocrx_word' id='word_1_329' title='bbox 905 4072 1080 4143; x_wconf 88' lang='lat' dir='ltr'><strong>voudrais</strong></span> <span class='ocrx_word' id='word_1_330' title='bbox 1095 4075 1114 4102; x_wconf 93' lang='lat'>”</span> <span class='ocrx_word' id='word_1_331' title='bbox 1133 4101 1165 4146; x_wconf 72' lang='grc' dir='ltr'><strong>ι».</strong></span> <span class='ocrx_word' id='word_1_332' title='bbox 1188 4074 1234 4144; x_wconf 81' lang='lat' dir='ltr'><strong>ut</strong></span> <span class='ocrx_word' id='word_1_333' title='bbox 1267 4073 1467 4144; x_wconf 88' lang='lat' dir='ltr'><strong>Catharina</strong></span> <span class='ocrx_word' id='word_1_334' title='bbox 1498 4073 1699 4159; x_wconf 87' lang='lat' dir='ltr'><strong>Cameron,</strong></span> <span class='ocrx_word' id='word_1_335' title='bbox 1722 4072 1857 4142; x_wconf 89' lang='lat' dir='ltr'><strong>Annae</strong></span> <span class='ocrx_word' id='word_1_336' title='bbox 1884 4091 1907 4138; x_wconf 87' lang='lat' dir='ltr'><strong>a</strong></span> 
     </span>
     <span class='ocr_line' id='line_1_31' title="bbox 400 4193 1908 4285; baseline -0.001 -19"><span class='ocrx_word' id='word_1_337' title='bbox 400 4195 591 4283; x_wconf 85' lang='lat' dir='ltr'><strong>cubiculis,</strong></span> <span class='ocrx_word' id='word_1_338' title='bbox 608 4217 703 4285; x_wconf 90' lang='lat' dir='ltr'><strong>quae</strong></span> <span class='ocrx_word' id='word_1_339' title='bbox 726 4195 939 4284; x_wconf 89' lang='lat' dir='ltr'><strong>nuptiarum</strong></span> <span class='ocrx_word' id='word_1_340' title='bbox 964 4198 1200 4268; x_wconf 88' lang='lat' dir='ltr'><strong>celebrationi</strong></span> <span class='ocrx_word' id='word_1_341' title='bbox 1222 4198 1351 4282; x_wconf 79' lang='lat' dir='ltr'><strong>adluit,</strong></span> <span class='ocrx_word' id='word_1_342' title='bbox 1368 4202 1504 4268; x_wconf 85' lang='lat' dir='ltr'><strong>testata</strong></span> <span class='ocrx_word' id='word_1_343' title='bbox 1526 4202 1598 4268; x_wconf 89' lang='lat' dir='ltr'><strong>est:</strong></span> <span class='ocrx_word' id='word_1_344' title='bbox 1624 4224 1644 4261; x_wconf 83' lang='lat'>‹</span> <span class='ocrx_word' id='word_1_345' title='bbox 1661 4197 1703 4268; x_wconf 90' lang='lat' dir='ltr'><strong>Je</strong></span> <span class='ocrx_word' id='word_1_346' title='bbox 1727 4193 1810 4268; x_wconf 86' lang='lat' dir='ltr'><strong>suis</strong></span> <span class='ocrx_word' id='word_1_347' title='bbox 1836 4217 1908 4266; x_wconf 92' lang='lat' dir='ltr'><strong>cer-</strong></span> 
     </span>
     <span class='ocr_line' id='line_1_32' title="bbox 402 4321 1907 4420; baseline 0.003 -36"><span class='ocrx_word' id='word_1_348' title='bbox 402 4347 422 4384; x_wconf 82' lang='lat'><strong>«</strong></span> <span class='ocrx_word' id='word_1_349' title='bbox 436 4321 536 4391; x_wconf 90' lang='lat' dir='ltr'><strong>taine</strong></span> <span class='ocrx_word' id='word_1_350' title='bbox 560 4322 736 4410; x_wconf 88' lang='lat' dir='ltr'><strong>qu’avant</strong></span> <span class='ocrx_word' id='word_1_351' title='bbox 757 4321 791 4418; x_wconf 88' lang='lat' dir='ltr'><strong>le</strong></span> <span class='ocrx_word' id='word_1_352' title='bbox 817 4321 987 4411; x_wconf 82' lang='lat' dir='ltr'><strong>mariage,</strong></span> <span class='ocrx_word' id='word_1_353' title='bbox 1012 4322 1147 4392; x_wconf 87' lang='lat' dir='ltr'><strong>devant</strong></span> <span class='ocrx_word' id='word_1_354' title='bbox 1174 4322 1248 4393; x_wconf 88' lang='lat' dir='ltr'><strong>moi</strong></span> <span class='ocrx_word' id='word_1_355' title='bbox 1272 4327 1309 4393; x_wconf 90' lang='lat' dir='ltr'><strong>et</strong></span> <span class='ocrx_word' id='word_1_356' title='bbox 1332 4321 1524 4420; x_wconf 28' lang='lat' dir='ltr'><strong>plusieurs·</strong></span> <span class='ocrx_word' id='word_1_357' title='bbox 1538 4327 1664 4393; x_wconf 90' lang='lat' dir='ltr'><strong>autres</strong></span> <span class='ocrx_word' id='word_1_358' title='bbox 1686 4341 1907 4410; x_wconf 80' lang='lat' dir='ltr'><strong>personnae,</strong></span> 
     </span>
     <span class='ocr_line' id='line_1_33' title="bbox 402 4444 1906 4536; baseline 0.003 -28"><span class='ocrx_word' id='word_1_359' title='bbox 402 4471 420 4508; x_wconf 83' lang='lat'><strong>«</strong></span> <span class='ocrx_word' id='word_1_360' title='bbox 438 4445 542 4515; x_wconf 89' lang='lat' dir='ltr'><strong>Mme.</strong></span> <span class='ocrx_word' id='word_1_361' title='bbox 560 4444 682 4516; x_wconf 84' lang='lat' dir='ltr'><strong>Gould</strong></span> <span class='ocrx_word' id='word_1_362' title='bbox 705 4466 727 4514; x_wconf 89' lang='lat' dir='ltr'><strong>a</strong></span> <span class='ocrx_word' id='word_1_363' title='bbox 749 4444 804 4515; x_wconf 94' lang='lat' dir='ltr'><strong>dit</strong></span> <span class='ocrx_word' id='word_1_364' title='bbox 827 4446 958 4534; x_wconf 91' lang='lat' dir='ltr'><strong>qu’elle</strong></span> <span class='ocrx_word' id='word_1_365' title='bbox 982 4445 1201 4517; x_wconf 88' lang='lat' dir='ltr'><strong>divorcerait</strong></span> <span class='ocrx_word' id='word_1_366' title='bbox 1224 4447 1255 4518; x_wconf 92' lang='lat' dir='ltr'><strong>si</strong></span> <span class='ocrx_word' id='word_1_367' title='bbox 1272 4449 1340 4518; x_wconf 90' lang='lat' dir='ltr'><strong>elle</strong></span> <span class='ocrx_word' id='word_1_368' title='bbox 1365 4447 1493 4518; x_wconf 76' lang='lat' dir='ltr'><strong>n&#39;etait</strong></span> <span class='ocrx_word' id='word_1_369' title='bbox 1515 4467 1583 4536; x_wconf 88' lang='lat' dir='ltr'><strong>pas</strong></span> <span class='ocrx_word' id='word_1_370' title='bbox 1605 4447 1825 4518; x_wconf 89' lang='lat' dir='ltr'><strong>heureuse...</strong></span> <span class='ocrx_word' id='word_1_371' title='bbox 1851 4445 1906 4514; x_wconf 81' lang='lat' dir='ltr'><strong>En</strong></span> 
     </span>
     <span class='ocr_line' id='line_1_34' title="bbox 402 4567 1908 4661; baseline 0 -23"><span class='ocrx_word' id='word_1_372' title='bbox 402 4595 421 4630; x_wconf 85' lang='lat'><strong>«</strong></span> <span class='ocrx_word' id='word_1_373' title='bbox 438 4567 646 4658; x_wconf 76' lang='lat' dir='ltr'><strong>Amerique,</strong></span> <span class='ocrx_word' id='word_1_374' title='bbox 677 4589 836 4658; x_wconf 88' lang='lat' dir='ltr'><strong>presque</strong></span> <span class='ocrx_word' id='word_1_375' title='bbox 866 4575 990 4641; x_wconf 86' lang='lat' dir='ltr'><strong>toutes</strong></span> <span class='ocrx_word' id='word_1_376' title='bbox 1013 4570 1067 4640; x_wconf 88' lang='lat' dir='ltr'><strong>les</strong></span> <span class='ocrx_word' id='word_1_377' title='bbox 1093 4571 1226 4661; x_wconf 87' lang='lat' dir='ltr'><strong>jeunes</strong></span> <span class='ocrx_word' id='word_1_378' title='bbox 1252 4569 1347 4642; x_wconf 88' lang='lat' dir='ltr'><strong>tilles</strong></span> <span class='ocrx_word' id='word_1_379' title='bbox 1369 4571 1433 4661; x_wconf 93' lang='lat' dir='ltr'><strong>qui</strong></span> <span class='ocrx_word' id='word_1_380' title='bbox 1457 4593 1497 4642; x_wconf 92' lang='lat' dir='ltr'><strong>se</strong></span> <span class='ocrx_word' id='word_1_381' title='bbox 1521 4569 1687 4655; x_wconf 75' lang='lat' dir='ltr'><strong>marient,</strong></span> <span class='ocrx_word' id='word_1_382' title='bbox 1711 4576 1778 4640; x_wconf 91' lang='lat' dir='ltr'><strong>ont</strong></span> <span class='ocrx_word' id='word_1_383' title='bbox 1811 4574 1908 4640; x_wconf 90' lang='lat' dir='ltr'><strong>cette</strong></span> 
     </span>
     <span class='ocr_line' id='line_1_35' title="bbox 402 4690 1907 4782; baseline -0.001 -22"><span class='ocrx_word' id='word_1_384' title='bbox 402 4719 420 4754; x_wconf 69' lang='grc' dir='ltr'><strong><em>α</em></strong></span> <span class='ocrx_word' id='word_1_385' title='bbox 437 4690 621 4761; x_wconf 91' lang='lat' dir='ltr'><strong>intention</strong></span> <span class='ocrx_word' id='word_1_386' title='bbox 645 4691 767 4760; x_wconf 89' lang='lat' dir='ltr'><strong>d’user</strong></span> <span class='ocrx_word' id='word_1_387' title='bbox 783 4691 833 4761; x_wconf 94' lang='lat' dir='ltr'><strong>du</strong></span> <span class='ocrx_word' id='word_1_388' title='bbox 849 4691 1008 4777; x_wconf 88' lang='lat' dir='ltr'><strong>divorcc,</strong></span> <span class='ocrx_word' id='word_1_389' title='bbox 1024 4691 1055 4761; x_wconf 91' lang='lat' dir='ltr'><strong>si</strong></span> <span class='ocrx_word' id='word_1_390' title='bbox 1071 4692 1105 4762; x_wconf 90' lang='lat' dir='ltr'><strong>le</strong></span> <span class='ocrx_word' id='word_1_391' title='bbox 1121 4691 1281 4782; x_wconf 78' lang='lat' dir='ltr'><strong>mariage</strong></span> <span class='ocrx_word' id='word_1_392' title='bbox 1305 4714 1352 4762; x_wconf 89' lang='lat' dir='ltr'><strong>ne</strong></span> <span class='ocrx_word' id='word_1_393' title='bbox 1374 4693 1429 4764; x_wconf 92' lang='lat' dir='ltr'><strong>les</strong></span> <span class='ocrx_word' id='word_1_394' title='bbox 1452 4693 1544 4764; x_wconf 91' lang='lat' dir='ltr'><strong>rend</strong></span> <span class='ocrx_word' id='word_1_395' title='bbox 1567 4713 1635 4781; x_wconf 90' lang='lat' dir='ltr'><strong>pas</strong></span> <span class='ocrx_word' id='word_1_396' title='bbox 1654 4691 1863 4763; x_wconf 88' lang='lat' dir='ltr'><strong>heureuscs</strong></span> <span class='ocrx_word' id='word_1_397' title='bbox 1877 4719 1907 4758; x_wconf 89' lang='lat'><strong>».</strong></span> 
     </span>
     <span class='ocr_line' id='line_1_36' title="bbox 401 4814 1908 4906; baseline 0.001 -23"><span class='ocrx_word' id='word_1_398' title='bbox 401 4814 510 4885; x_wconf 90' lang='lat' dir='ltr'><strong>Pater</strong></span> <span class='ocrx_word' id='word_1_399' title='bbox 545 4821 669 4885; x_wconf 90' lang='lat' dir='ltr'><strong>autem</strong></span> <span class='ocrx_word' id='word_1_400' title='bbox 693 4815 837 4886; x_wconf 85' lang='lat' dir='ltr'><strong>Actoris</strong></span> <span class='ocrx_word' id='word_1_401' title='bbox 860 4815 952 4887; x_wconf 87' lang='lat' dir='ltr'><strong>haec</strong></span> <span class='ocrx_word' id='word_1_402' title='bbox 986 4815 1126 4887; x_wconf 90' lang='lat' dir='ltr'><strong>retulit:</strong></span> <span class='ocrx_word' id='word_1_403' title='bbox 1152 4843 1172 4881; x_wconf 65' lang='grc' dir='ltr'>θ</span> <span class='ocrx_word' id='word_1_404' title='bbox 1189 4817 1238 4888; x_wconf 86' lang='lat' dir='ltr'><strong>Le</strong></span> <span class='ocrx_word' id='word_1_405' title='bbox 1261 4816 1377 4887; x_wconf 91' lang='lat' dir='ltr'><strong>matin</strong></span> <span class='ocrx_word' id='word_1_406' title='bbox 1400 4817 1594 4887; x_wconf 78' lang='lat' dir='ltr'><strong>meme&#39;du</strong></span> <span class='ocrx_word' id='word_1_407' title='bbox 1617 4815 1791 4906; x_wconf 78' lang='lat' dir='ltr'><strong>mariage,</strong></span> <span class='ocrx_word' id='word_1_408' title='bbox 1819 4835 1908 4885; x_wconf 92' lang='lat' dir='ltr'><strong>mon</strong></span> 
     </span>
     <span class='ocr_line' id='line_1_37' title="bbox 402 4937 1909 5032; baseline 0.001 -24"><span class='ocrx_word' id='word_1_409' title='bbox 402 4966 421 5001; x_wconf 84' lang='lat'><strong>«</strong></span> <span class='ocrx_word' id='word_1_410' title='bbox 437 4937 496 5008; x_wconf 88' lang='lat' dir='ltr'><strong>fils</strong></span> <span class='ocrx_word' id='word_1_411' title='bbox 517 4939 610 5010; x_wconf 88' lang='lat' dir='ltr'><strong>Jean</strong></span> <span class='ocrx_word' id='word_1_412' title='bbox 633 4946 670 5010; x_wconf 90' lang='lat' dir='ltr'><strong>et</strong></span> <span class='ocrx_word' id='word_1_413' title='bbox 691 4940 725 5010; x_wconf 91' lang='lat' dir='ltr'><strong>le</strong></span> <span class='ocrx_word' id='word_1_414' title='bbox 742 4939 872 5010; x_wconf 91' lang='lat' dir='ltr'><strong>Prince</strong></span> <span class='ocrx_word' id='word_1_415' title='bbox 889 4941 956 5011; x_wconf 89' lang='lat' dir='ltr'><strong>Del</strong></span> <span class='ocrx_word' id='word_1_416' title='bbox 972 4942 1094 5032; x_wconf 76' lang='lat' dir='ltr'><strong>Drago</strong></span> <span class='ocrx_word' id='word_1_417' title='bbox 1111 4941 1255 5012; x_wconf 89' lang='lat' dir='ltr'><strong>vinrent</strong></span> <span class='ocrx_word' id='word_1_418' title='bbox 1278 4963 1336 5012; x_wconf 91' lang='lat' dir='ltr'><strong>me</strong></span> <span class='ocrx_word' id='word_1_419' title='bbox 1361 4943 1451 5013; x_wconf 84' lang='lat' dir='ltr'><strong>faire</strong></span> <span class='ocrx_word' id='word_1_420' title='bbox 1474 4947 1557 5031; x_wconf 88' lang='lat' dir='ltr'><strong>part</strong></span> <span class='ocrx_word' id='word_1_421' title='bbox 1580 4941 1689 5010; x_wconf 91' lang='lat' dir='ltr'><strong>d&#39;une</strong></span> <span class='ocrx_word' id='word_1_422' title='bbox 1712 4943 1827 5012; x_wconf 75' lang='lat' dir='ltr'><strong>scene</strong></span> <span class='ocrx_word' id='word_1_423' title='bbox 1844 4940 1909 5030; x_wconf 90' lang='lat' dir='ltr'><strong>qui</strong></span> 
     </span>
     <span class='ocr_line' id='line_1_38' title="bbox 403 5064 1907 5153; baseline 0.004 -25"><span class='ocrx_word' id='word_1_424' title='bbox 403 5093 421 5127; x_wconf 88' lang='lat'><strong>«</strong></span> <span class='ocrx_word' id='word_1_425' title='bbox 438 5064 559 5134; x_wconf 78' lang='lat' dir='ltr'><strong>s’ctait</strong></span> <span class='ocrx_word' id='word_1_426' title='bbox 582 5066 714 5153; x_wconf 78' lang='lat' dir='ltr'><strong>passde</strong></span> <span class='ocrx_word' id='word_1_427' title='bbox 737 5071 840 5136; x_wconf 87' lang='lat' dir='ltr'><strong>entre</strong></span> <span class='ocrx_word' id='word_1_428' title='bbox 864 5087 934 5136; x_wconf 85' lang='lat' dir='ltr'><strong>eux</strong></span> <span class='ocrx_word' id='word_1_429' title='bbox 959 5067 1115 5136; x_wconf 88' lang='lat' dir='ltr'><strong>etAnna</strong></span> <span class='ocrx_word' id='word_1_430' title='bbox 1139 5065 1269 5137; x_wconf 87' lang='lat' dir='ltr'><strong>Gould.</strong></span> <span class='ocrx_word' id='word_1_431' title='bbox 1296 5067 1400 5138; x_wconf 88' lang='lat' dir='ltr'><strong>Cette</strong></span> <span class='ocrx_word' id='word_1_432' title='bbox 1433 5069 1600 5139; x_wconf 77' lang='lat' dir='ltr'><strong>derniere</strong></span> <span class='ocrx_word' id='word_1_433' title='bbox 1624 5070 1705 5139; x_wconf 91' lang='lat' dir='ltr'><strong>leur</strong></span> <span class='ocrx_word' id='word_1_434' title='bbox 1726 5067 1831 5138; x_wconf 87' lang='lat' dir='ltr'><strong>avait</strong></span> <span class='ocrx_word' id='word_1_435' title='bbox 1855 5067 1907 5136; x_wconf 91' lang='lat' dir='ltr'><strong>dit</strong></span> 
     </span>
     <span class='ocr_line' id='line_1_39' title="bbox 402 5190 1911 5281; baseline 0.004 -27"><span class='ocrx_word' id='word_1_436' title='bbox 402 5217 421 5252; x_wconf 82' lang='lat'><strong>«</strong></span> <span class='ocrx_word' id='word_1_437' title='bbox 437 5190 513 5259; x_wconf 77' lang='lat' dir='ltr'><strong>tres</strong></span> <span class='ocrx_word' id='word_1_438' title='bbox 548 5195 751 5260; x_wconf 90' lang='lat' dir='ltr'><strong>nettement</strong></span> <span class='ocrx_word' id='word_1_439' title='bbox 784 5190 917 5279; x_wconf 88' lang='lat' dir='ltr'><strong>qu’elle</strong></span> <span class='ocrx_word' id='word_1_440' title='bbox 952 5191 1040 5262; x_wconf 77' lang='lat' dir='ltr'><strong>etait</strong></span> <span class='ocrx_word' id='word_1_441' title='bbox 1074 5195 1312 5278; x_wconf 87' lang='lat' dir='ltr'><strong>protestante,</strong></span> <span class='ocrx_word' id='word_1_442' title='bbox 1336 5196 1373 5262; x_wconf 91' lang='lat' dir='ltr'><strong>et</strong></span> <span class='ocrx_word' id='word_1_443' title='bbox 1395 5192 1526 5281; x_wconf 88' lang='lat' dir='ltr'><strong>qu’elle</strong></span> <span class='ocrx_word' id='word_1_444' title='bbox 1549 5193 1583 5262; x_wconf 89' lang='lat' dir='ltr'><strong>le</strong></span> <span class='ocrx_word' id='word_1_445' title='bbox 1606 5191 1776 5263; x_wconf 89' lang='lat' dir='ltr'><strong>resterait</strong></span> <span class='ocrx_word' id='word_1_446' title='bbox 1812 5212 1911 5281; x_wconf 87' lang='lat' dir='ltr'><strong>pour</strong></span> 
     </span>
     <span class='ocr_line' id='line_1_40' title="bbox 402 5313 1910 5404; baseline 0.007 -29"><span class='ocrx_word' id='word_1_447' title='bbox 402 5313 542 5383; x_wconf 83' lang='lat' dir='ltr'><strong>«avoir</strong></span> <span class='ocrx_word' id='word_1_448' title='bbox 565 5313 602 5382; x_wconf 97' lang='lat' dir='ltr'><strong>la</strong></span> <span class='ocrx_word' id='word_1_449' title='bbox 624 5315 758 5384; x_wconf 76' lang='lat' dir='ltr'><strong>facultt</strong></span> <span class='ocrx_word' id='word_1_450' title='bbox 774 5315 820 5386; x_wconf 91' lang='lat' dir='ltr'><strong>de</strong></span> <span class='ocrx_word' id='word_1_451' title='bbox 844 5315 1011 5386; x_wconf 90' lang='lat' dir='ltr'><strong>divorcer</strong></span> <span class='ocrx_word' id='word_1_452' title='bbox 1033 5317 1160 5404; x_wconf 87' lang='lat' dir='ltr'><strong>quand</strong></span> <span class='ocrx_word' id='word_1_453' title='bbox 1182 5315 1268 5386; x_wconf 91' lang='lat' dir='ltr'><strong>bien</strong></span> <span class='ocrx_word' id='word_1_454' title='bbox 1291 5315 1343 5385; x_wconf 91' lang='lat' dir='ltr'><strong>lui</strong></span> <span class='ocrx_word' id='word_1_455' title='bbox 1367 5317 1576 5388; x_wconf 89' lang='lat' dir='ltr'><strong>semblerait</strong></span> <span class='ocrx_word' id='word_1_456' title='bbox 1592 5345 1622 5386; x_wconf 85' lang='lat'><strong>».</strong></span> <span class='ocrx_word' id='word_1_457' title='bbox 1646 5317 1794 5388; x_wconf 89' lang='lat' dir='ltr'><strong>Actoris</strong></span> <span class='ocrx_word' id='word_1_458' title='bbox 1819 5337 1910 5388; x_wconf 90' lang='lat' dir='ltr'><strong>vero</strong></span> 
     </span>
     <span class='ocr_line' id='line_1_41' title="bbox 403 5439 1911 5530; baseline 0.002 -23"><span class='ocrx_word' id='word_1_459' title='bbox 403 5441 519 5508; x_wconf 90' lang='lat' dir='ltr'><strong>mater</strong></span> <span class='ocrx_word' id='word_1_460' title='bbox 542 5439 634 5509; x_wconf 90' lang='lat' dir='ltr'><strong>baec</strong></span> <span class='ocrx_word' id='word_1_461' title='bbox 657 5444 802 5509; x_wconf 89' lang='lat' dir='ltr'><strong>narrat:</strong></span> <span class='ocrx_word' id='word_1_462' title='bbox 829 5468 847 5504; x_wconf 84' lang='lat'>«</span> <span class='ocrx_word' id='word_1_463' title='bbox 866 5439 963 5510; x_wconf 91' lang='lat' dir='ltr'><strong>C&#39;est</strong></span> <span class='ocrx_word' id='word_1_464' title='bbox 985 5440 1166 5529; x_wconf 89' lang='lat' dir='ltr'><strong>quelques</strong></span> <span class='ocrx_word' id='word_1_465' title='bbox 1188 5441 1283 5510; x_wconf 92' lang='lat' dir='ltr'><strong>mois</strong></span> <span class='ocrx_word' id='word_1_466' title='bbox 1306 5442 1414 5530; x_wconf 77' lang='lat' dir='ltr'><strong>apres</strong></span> <span class='ocrx_word' id='word_1_467' title='bbox 1437 5441 1470 5512; x_wconf 91' lang='lat' dir='ltr'><strong>le</strong></span> <span class='ocrx_word' id='word_1_468' title='bbox 1494 5441 1654 5530; x_wconf 80' lang='lat' dir='ltr'><strong>mariage</strong></span> <span class='ocrx_word' id='word_1_469' title='bbox 1674 5441 1810 5530; x_wconf 89' lang='lat' dir='ltr'><strong>qu’elle</strong></span> <span class='ocrx_word' id='word_1_470' title='bbox 1836 5443 1911 5511; x_wconf 90' lang='lat' dir='ltr'><strong>m’a</strong></span> 
     </span>
    </p>
   </div>
   <div class='ocr_carea' id='block_1_9' title="bbox 0 0 2031 6274">
    <p class='ocr_par' dir='ltr' id='par_1_11' title="bbox 0 0 2031 6274">
     <span class='ocr_line' id='line_1_42' title="bbox 0 0 2031 6274; baseline 0 0"><span class='ocrx_word' id='word_1_471' title='bbox 0 0 2031 6274; x_wconf 95' lang='lat' dir='ltr'><strong> </strong></span> 
     </span>
    </p>
   </div>
  </div>
 </body>
</html>
