4038 6274
358 400 410 458 104
669 404 746 460 Acta
764 405 954 474 Apostoltcue
974 405 1070 462 stare
1090 435 1106 446 -
1129 407 1389 464 Gommmtartum
1410 410 1551 478 officiale.

359 589 652 678 periclitantium.
686 589 830 676 Quibus
853 590 892 660 in
916 592 1101 680 operibus,
1133 592 1187 662 uti
1218 593 1317 663 fama
1345 599 1416 674 est,
1442 593 1558 664 Serva
1587 595 1654 666 Dei
1685 597 1853 669 omnibus

360 715 528 804 exemplo
551 715 631 800 fuit,
654 719 696 785 ut
726 713 837 786 etiam
870 714 985 786 Cruce
1020 716 1193 786 decorata
1227 717 1275 787 sit
1309 738 1421 806 quam
1444 740 1470 786 a
1498 721 1634 790 Virtute
1660 719 1854 810 appellant.

360 839 503 910 Mortua
526 845 584 910 est
607 839 665 910 die
688 840 711 908 8
733 840 923 910 Februarii
947 861 1005 909 an.
1025 841 1122 925 1876,
1147 863 1281 932 magno
1305 843 1432 931 populi
1455 842 1568 927 luctu,
1585 844 1648 933 qui
1664 845 1755 914 llam
1776 867 1856 916 san-

359 965 483 1036 ctitate
507 965 711 1054 praeditam
735 966 981 1055 praedicabat.
1014 967 1117 1053 Quae
1142 968 1348 1038 sanctitatis
1372 969 1497 1057 opinio
1525 970 1619 1040 adeo
1643 970 1796 1041 increvit
1817 979 1857 1042 ut

360 1091 405 1161 de
440 1112 484 1161 ea
519 1089 781 1180 inquisitiones
817 1091 1033 1162 Ordinariae
1068 1092 1106 1162 in
1142 1091 1254 1163 Curia
1288 1094 1483 1164 Leodiensi
1520 1094 1714 1196 incoeptae
1749 1101 1857 1186 atque

360 1216 526 1305 expletae
550 1215 694 1286 fuerint.
720 1216 830 1287 Hisce
853 1237 941 1286 vero
965 1217 1067 1287 Actis
1092 1217 1395 1288 Processualibus
1419 1218 1466 1288 ad
1490 1218 1687 1289 Sacrorum
1707 1221 1856 1290 Rituum

360 1341 688 1430 Congregationem
725 1340 857 1411 delatis
892 1341 1045 1430 eiusque
1080 1342 1241 1413 examini
1275 1363 1319 1412 ac
1353 1341 1488 1413 iudicio
1524 1342 1709 1429 subiectis,
1734 1366 1858 1433 quum,

360 1465 541 1536 revisione
572 1466 645 1534 iam
677 1471 826 1554 peracta
860 1465 1079 1555 scriptorum
1111 1467 1276 1537 eiusdem
1309 1467 1445 1538 Servae
1476 1467 1543 1538 Dei
1575 1473 1686 1557 atque
1710 1469 1859 1539 obtenta

360 1589 635 1679 dispensatione
659 1612 681 1661 a
704 1592 811 1680 lapsu
843 1591 1010 1662 decennii
1038 1596 1075 1661 et
1102 1591 1149 1662 ab
1176 1591 1384 1662 interventu
1414 1596 1451 1662 et
1473 1597 1561 1662 voto
1587 1591 1859 1678 Consultorum,

360 1715 451 1784 nibil
475 1716 640 1786 obstaret
662 1716 862 1804 quominus
886 1715 933 1786 ad
956 1715 1132 1786 ulteriora
1159 1716 1307 1804 procedi
1338 1721 1475 1805 posset,
1500 1717 1661 1786 instante
1685 1717 1727 1786 R.
1753 1717 1794 1786 P.
1819 1717 1859 1786 D.

360 1842 487 1912 Mauro
520 1841 685 1925 Serafini,
711 1841 862 1911 Ordinis
894 1841 930 1911 S.
955 1841 1144 1912 Benedicti
1177 1841 1481 1932 Congregationis
1514 1841 1748 1913 Cassinensis
1776 1843 1859 1912 Ant.

361 1966 513 2038 Observ.
530 1966 673 2036 Abbate
691 1965 860 2036 Generali
881 1971 917 2036 et
940 1965 1052 2036 buius
1070 1964 1213 2036 Causae
1231 1967 1473 2052 Postulatore,
1491 1967 1713 2057 attentisque
1730 1966 1862 2037 litteris

360 2091 611 2180 postulatoriis
646 2093 879 2182 quorundam
915 2091 1089 2161 limorum
1127 2092 1163 2162 S.
1192 2093 1235 2162 R.
1264 2092 1304 2161 ll.
1335 2091 1584 2162 Cardinalium
1621 2113 1664 2162 ac
1697 2092 1860 2180 plurium

360 2193 538 2287 Rmorum
563 2217 758 2287 Sacrorum
784 2215 1001 2286 Antistitum
1034 2237 1175 2287 necnon
1210 2216 1364 2286 aliorum
1389 2216 1551 2286 virorum
1575 2237 1618 2286 ac
1641 2215 1861 2286 feminarum

359 2341 551 2411 nobilitate
581 2362 623 2411 ac
652 2339 828 2430 dignitate
863 2339 972 2410 etiam
1008 2340 1109 2430 regia
1142 2341 1427 2429 praestantium,
1460 2340 1677 2430 rogantibus
1711 2361 1862 2429 quoque

359 2465 543 2555 plerisque
567 2487 587 2536 e
611 2465 706 2536 clero
735 2464 914 2535 saeculari
938 2485 981 2535 ac
1004 2465 1161 2555 regulari
1196 2471 1307 2555 atque
1344 2465 1610 2536 sodalitatibus
1645 2465 1862 2536 monialium

359 2591 418 2662 vel
435 2612 604 2662 sororum
621 2612 795 2661 unacum
814 2589 986 2661 Antistite
999 2591 1168 2662 Generali
1187 2590 1490 2681 Congregationis
1506 2590 1679 2660 Filiarum
1697 2612 1720 2660 a
1735 2590 1864 2674 Grues,

360 2716 475 2786 Emus
499 2737 542 2786 ac
565 2717 682 2786 Rmus
704 2716 810 2786 Dtlus
835 2714 1042 2786 Cardinalis
1061 2714 1276 2785 Vincentius
1292 2714 1515 2799 Vannutelli,
1532 2715 1738 2804 Episcopus
1756 2715 1864 2784 Prae—

360 2843 539 2930 nestinus,
563 2843 727 2914 eiusdem
753 2843 897 2914 Causae
922 2844 1070 2912 Ponens
1094 2863 1160 2913 seu
1188 2843 1347 2927 Relator,
1371 2843 1410 2912 in
1435 2815 1647 2912 Ordinariis
1664 2842 1861 2912 Sacrorum

359 2969 511 3039 Rituum
537 2967 841 3057 Congregationis
870 2965 1039 3037 Comitiis
1070 2967 1288 3056 subsignata
1319 2966 1378 3036 die
1404 2967 1452 3036 ad
1475 2966 1695 3036 Vaticanum
1727 2965 1865 3036 coadu-

262 3125 264 3128 ·
359 3092 469 3178 natis
493 3114 653 3182 sequens
678 3091 831 3162 dubium
855 3091 1126 3162 discutiendum
1157 3091 1370 3180 proposuit:
1402 3093 1459 3158 An
1482 3094 1530 3160 stt
1553 3093 1740 3177 mpouoda
1767 3091 1865 3160 Gom·

359 3221 483 3287 missio
505 3219 785 3286 Introductionis
810 3217 949 3286 Causae
978 3221 1020 3284 tre
1051 3239 1139 3286 casu
1162 3221 1193 3285 et
1216 3218 1266 3284 od
1289 3219 1448 3303 effectum
1470 3217 1513 3282 de
1536 3237 1605 3302 quo
1636 3218 1792 3301 capitur?
1821 3215 1867 3283 Et

360 3343 442 3414 Emi
466 3364 508 3414 ac
532 3341 615 3412 Rmi
640 3343 768 3412 Patres
798 3342 919 3412 Sacris
947 3342 1095 3413 tuendis
1126 3341 1274 3411 Ritibus
1305 3340 1520 3430 praepositi,
1547 3339 1675 3410 audito
1703 3361 1798 3409 voce
1830 3345 1867 3408 et

361 3469 497 3558 scripto
521 3469 563 3537 R.
589 3468 627 3537 P.
651 3467 695 3538 D.
719 3466 929 3536 Alexandro
953 3467 1082 3550 Verde‚
1108 3467 1264 3536 Sanctae
1280 3465 1397 3556 ¹Fidei
1430 3466 1656 3550 Promotore,
1687 3464 1866 3533 omnibus

360 3598 529 3666 accurate
546 3592 749 3681 perpensis,
765 3591 1040 3662 rescribendum
1058 3595 1298 3661 censuerunt:
1314 3594 1544 3675 Affirmotr'ce,
1559 3612 1624 3658 sec
1638 3592 1868 3675 &modom

360 3741 433 3788 esse
458 3713 756 3800 Commissionem,
779 3721 814 3785 si
837 3717 1073 3785 delectissimo
1090 3719 1282 3801 placuerit.
1307 3714 1374 3784 Die
1400 3715 1441 3783 tl
1465 3712 1679 3783 Decembris
1697 3713 1799 3782 1911.

464 3842 577 3911 Facta
600 3841 838 3929 postmodum
863 3839 908 3909 de
932 3839 990 3909 his
1015 3839 1256 3909 Sanctissimo
1277 3839 1436 3908 Domino
1455 3839 1588 3907 Nostro
1606 3838 1671 3907 Pio
1689 3837 1817 3925 Papae
1834 3837 1867 3905 X

361 3990 427 4058 per
449 3967 723 4055 infrascriptum
748 3964 981 4036 Cardinalem
1007 3965 1140 4035 Sacrae
1164 3963 1316 4033 Rituum
1334 3961 1613 4052 Congregationi
1633 3962 1867 4032 Praefectum

362 4092 551 4177 relatione,
565 4091 749 4162 Sanctitas
763 4090 839 4160 Sua
854 4088 1088 4177 Rescriptum
1105 4087 1271 4158 eiusdem
1286 4086 1387 4158 Sacri
1400 4085 1554 4155 Consilii
1569 4090 1690 4155 ratum
1708 4085 1867 4166 habens,

364 4217 669 4290 Commissionem
702 4214 989 4285 Introductionis
1022 4213 1166 4284 Causae
1197 4211 1479 4283 beatificationis
1507 4216 1544 4281 et
1571 4209 1868 4281 canonizationis

361 4343 589 4415 Venerabilis
622 4343 757 4413 Servae
788 4339 854 4410 Dei
886 4339 1032 4410 Sororis
1064 4339 1198 4409 Mariae
1229 4337 1399 4408 Teresiae
1423 4338 1545 4421 Haze,
1573 4336 1796 4406 fundatricis
1833 4342 1869 4405 et

362 4468 502 4557 primae
530 4464 781 4537 moderatricis
814 4462 1117 4553 congregationis
1148 4461 1324 4532 Filiarum
1356 4482 1378 4529 a
1410 4460 1539 4544 Cruce,
1567 4459 1718 4549 p'ropria
1750 4481 1868 4529 manu

362 4591 507 4680 signare
531 4590 682 4680 dignata
705 4594 771 4674 est,
795 4587 853 4658 die
880 4589 931 4671 13,
956 4588 1093 4659 eisdem
1120 4607 1245 4656 mense
1270 4592 1307 4655 et
1329 4606 1439 4655 anno.

730 4820 786 4888 Fr.
813 4821 848 4890 S.
874 4820 986 4891 Caso.
1011 4821 1250 4902 Mlsrrramr,
1274 4821 1491 4903 Praefectus.

469 4930 505 4998 L.
523 4931 567 5017 tlt
584 4929 619 4998 S·
796 5017 968 5105 mnus
993 5016 1043 5084 La
1069 5014 1256 5098 pomam,
1280 5014 1344 5101 Ep.
1367 5012 1607 5099 Charystien,
1631 5013 1868 5082 Secretortus.
