4120 6284
323 434 358 490 16
499 493 502 504 ,
627 434 704 488 Acta
721 431 911 501 apostolicae
930 427 1028 484 Sedis.
1048 457 1065 466 -
1086 428 1346 483 Commentariroa
1368 427 1508 494 officiolo.

326 643 427 698 nam
446 621 533 698 sint
550 617 836 694 moderatores
856 616 898 690 et
915 612 1122 712 magistri,
1142 612 1247 712 quot
1265 609 1505 687 habeantur
1525 608 1724 708 discipuli
1744 631 1818 685 seu

327 743 502 830 alumni,
523 739 701 841 quinam
719 736 776 815 ’111
793 738 932 813 111111
951 756 1092 811 rerum
1112 735 1153 809 et
1171 754 1339 810 morum
1358 732 1403 809 in
1422 732 1631 821 instituto

479 867 518 965 b)
542 866 743 942 interesse
766 858 1046 937 conventibus
1068 856 1234 934 consilii
1257 855 1510 945 scholastici,
1535 877 1583 932 ac
1607 877 1820 933 recensere

328 997 370 1072 et
388 995 434 1072 in
452 990 715 1070 tabularium
734 987 887 1064 reterre
907 988 1003 1062 acta
1021 987 1063 1062 et
1083 984 1252 1061 decreta
1272 983 1512 1061 Cardinalis
1532 981 1693 1060 Vioarii
1713 984 1819 1060 eius·

328 1139 410 1218 que
434 1112 676 1192 scholastici
698 1108 875 1198 consilii;

482 1233 519 1330 c)
543 1234 781 1311 executioni
803 1231 1007 1310 mandare
1031 1253 1138 1329 quae
1163 1254 1188 1308 1
1212 1231 1430 1308 Cardinali
1453 1233 1622 1310 Vicario
1646 1234 1819 1332 eiusque

329 1357 583 1548 lslqlpplatstico
621 1362 798 1440 oonsilio
836 1367 997 1445 statuta
1023 1371 1119 1462 sint,
1147 1372 1184 1449 si
1209 1372 1289 1450 hoc
1315 1395 1510 1472 expresse
1536 1373 1583 1450 in
1608 1373 1825 1452 mandatis

416 1492 466 1546 ea
487 1533 495 1548 .

406 1662 610 1742 8101111.ει
636 1716 652 1728 -
677 1679 737 1750 De
765 1687 1163 1761 confraternitatibus
1192 1695 1364 1781 aliisque
1388 1678 1752 1766 consectationibus

826 1812 867 1879 et
889 1816 1077 1896 operibus
1098 1819 1330 1887 socialibus·

431 1951 493 2026 47.
515 1956 584 2031 Ad
602 1957 714 2036 hanc
734 1965 962 2045 sectionem
982 1969 1026 2046 in
1046 1972 1197 2070 primis
1215 1973 1399 2072 pertinet
1418 1997 1520 2052 cura
1540 1978 1581 2052 et
1601 1975 1824 2075 vigilantia

263 2166 266 2174 Ι
332 2073 378 2147 in
405 2078 650 2161 sodalitates
678 2089 719 2163 et
745 2091 1126 2186 archisodalitates,
1157 2102 1368 2196 quantum
1395 2101 1450 2178 ad
1478 2098 1744 2177 Vicariatum
1772 2101 1823 2177 de

338 2200 428 2277 iure
451 2208 638 2302 spectare
660 2215 810 2310 potest,
834 2217 964 2295 salvis
987 2221 1146 2298 scilicet
1169 2223 1433 2323 singularum
1455 2225 1629 2326 legibus,
1653 2228 1825 2305 statutis

333 2349 383 2405 10
396 2331 631 2434 privilegiis
646 2338 698 2415 ab
713 2343 996 2423 ecclesiastica
1011 2371 1084 2424 seu
1099 2350 1344 2448 Apostolica
1359 2350 1610 2430 auctoritate
1626 2353 1704 2430 rite
1716 2375 1826 2429 reco-

333 2451 477 2552 gnitis,
502 2460 657 2557 quibus
678 2469 891 2562 praesenti
912 2470 1107 2548 Constitu
1129 2473 1223 2551 ione
1245 2475 1354 2551 nihil
1376 2476 1629 2554 detrahitur.

435 2583 497 2658 48.
517 2585 697 2686 Insuper
717 2613 851 2690 quum
870 2597 1090 2695 complura
1109 2598 1194 2674 alia
1213 2622 1266 2674 ex
1286 2599 1363 2676 Dei
1383 2600 1521 2702 gratia
1540 2601 1586 2676 in
1608 2601 1721 2678 Urbe
1743 2601 1828 2678 sint

335 2709 667 2791 consociationes
695 2718 736 2792 et
764 2738 903 2815 opera,
936 2743 1044 2819 quae
1073 2722 1193 2821 pium
1223 2723 1408 2824 aliquem
1437 2724 1567 2802 finem
1597 2724 1824 2826 religionis,

335 2833 527 2914 caritatis
548 2842 623 2916 111
644 2839 832 2919 iustitiae
853 2845 1117 2958 propositum
1139 2846 1310 2937 habent,
1335 2848 1381 2923 in
1403 2850 1563 2927 bonum
1584 2870 1700 2926 nunc
1720 2850 1828 2948 ipso-

337 2980 433 3036 rum
455 2963 676 3054 sociorum,
700 2989 816 3045 nunc
837 2968 1031 3058 aliorum,
1056 2975 1130 3047 aut
1152 2971 1282 3049 totius
1305 2973 1537 3064 societatis;
1559 2973 1830 3051 haecomnia

338 3088 380 3161 et
406 3090 613 3187 quotquot
639 3091 725 3168 alia
750 3092 908 3170 similia
933 3094 978 3169 in
1005 3099 1219 3194 posterum
1247 3096 1526 3176 instituentur
1552 3118 1678 3175 curae
1700 3097 1829 3175 huius

339 3211 581 3291 Vicariatus
597 3216 731 3314 partis
747 3220 873 3317 atque
889 3219 1132 3296 auctoritati
1148 3222 1190 3297 et
1204 3221 1489 3298 iurisdictioni
1505 3221 1745 3299 Cardinalis
1761 3221 1831 3296 Vi-

339 3337 443 3413 carii
463 3340 653 3437 proxime
675 3341 865 3419 subiecta
880 3365 970 3420 esse
990 3345 1189 3421 volumus
1210 3367 1259 3421 ac
1280 3345 1488 3422 iubemus.

446 3463 489 3540 si
512 3487 621 3564 quae
644 3466 788 3567 itaque
811 3467 1066 3545 consociatio
1088 3469 1156 3545 vel
1180 3469 1216 3545 si
1239 3470 1352 3569 quod
1376 3469 1496 3568 pium
1519 3492 1625 3570 opus
1649 3470 1835 3570 aliquem

342 3590 586 3666 Praelatum
602 3593 669 3670 vel
685 3591 726 3668 S.
745 3593 795 3669 R.
814 3592 861 3668 E.
881 3593 1150 3672 Cardinalem
1165 3597 1444 3692 protectorem
1458 3594 1627 3683 habeat,
1647 3595 1726 3672 hoo
1742 3616 1828 3694 pro·
1865 3687 1867 3690 Ι

349 3718 543 3793 110110111
564 3741 721 3794 munus
744 3721 804 3796 ita
826 3720 961 3819 accipi
983 3722 1024 3797 11
1045 3717 1225 3819 intelligi
1248 3720 1382 3810 debet,
1405 3724 1454 3797 ut
1475 3721 1712 3798 iurisdictio
1736 3721 1833 3798 Car-

229 3888 231 3894 ,
346 3839 503 3918 1111111
521 3843 682 3919 Vioarii
700 3843 866 3944 integra
883 3869 1048 3946 semper
1065 3849 1246 3924 maneat.

443 3968 688 4044 Auctoritas
716 3971 758 4045 et
784 3969 1020 4046 iurisdictio
1049 3969 1289 4047 Cardinalis
1317 3968 1478 4046 Vicarii
1506 3968 1551 4043 11
1580 3969 1836 4044 memoratas

344 4090 677 4169 consociationes
702 4095 743 4170 et
768 4115 895 4192 opera
919 4094 1154 4171 necessario
1181 4092 1261 4171 sibi
1281 4093 1486 4182 vindicat,
1515 4095 1563 4170 ut
1588 4090 1642 4168 ab
1668 4114 1716 4168 1ο
1741 4091 1835 4189 ipsa

344 4221 438 4294 rata
457 4217 709 4307 habeantur,
732 4218 786 4295 ab
806 4219 1037 4318 eodemque
1059 4221 1315 4296 statutorum
1337 4217 1686 4318 approbationem
1707 4216 1836 4314 impe-

343 4345 456 4420 trent
475 4343 519 4420 in
538 4342 592 4420 iis
610 4367 718 4443 quae
739 4344 794 4422 ad
812 4343 934 4442 pium
948 4344 1139 4444 ipsorum
1158 4345 1287 4421 finem
1307 4344 1561 4432 referuntur,
1585 4343 1669 4420 nisi
1689 4343 1838 4418 111111

345 4469 520 4547 Summo
544 4469 747 4548 Pontifice
771 4473 931 4548 statuta
953 4470 1047 4568 ipsa
1070 4469 1228 4548 directo
1251 4468 1497 4568 receperint.

445 4596 632 4695 Eiusque
650 4619 818 4696 quoque
835 4596 927 4686 erit,
947 4597 1015 4673 vel
1032 4596 1288 4685 Adsessoris,
1307 4595 1577 4696 vigilantiam
1595 4595 1640 4671 in
1659 4616 1709 4671 11
1726 4615 1839 4670 exer-

353 4743 455 4811 cere,
474 4744 620 4798 curam
637 4723 689 4800 de
706 4722 758 4799 111
775 4722 941 4812 habere,
961 4723 1091 4798 salvis
1109 4744 1274 4821 semper
1290 4717 1491 4821 legitimis
1509 4721 1739 4798 eorundem
1758 4722 1839 4796 sta·
1934 4725 1938 4740 “

353 4845 475 4935 11111;
491 4848 532 4922 11
547 4847 783 4924 sacerdotes
799 4847 1061 4937 adsistentes
1079 4849 1303 4948 delegatos
1320 4847 1553 4925 destinatos
1569 4845 1839 4925 confessioni-

348 4974 427 5051 bus
456 4973 730 5072 excipiendis,
763 4976 831 5051 vel
859 4976 1090 5073 utcumque
1121 4975 1405 5050 moderatores
1435 4972 1594 5050 eisdem
1625 4970 1838 5069 praebere.

450 5101 512 5174 49.
541 5099 621 5176 His
646 5099 889 5176 exercendis
911 5098 1160 5177 muneribus
1186 5100 1403 5200 suppetias
1430 5096 1647 5177 Cardinali
1673 5095 1843 5172 Vicario

352 5226 487 5302 ferent
508 5225 618 5302 varii
641 5228 784 5303 coetus
808 5249 880 5302 seu
903 5225 1094 5314 consilia,
1121 5248 1229 5325 quae
1251 5227 1306 5302 ad
1330 5224 1552 5324 dirigenda
1574 5219 1843 5300 uniuscuius-

351 5376 432 5454 que
454 5353 619 5453 generis
641 5375 768 5452 opera
785 5355 827 5428 et
848 5351 1179 5428 consociationes
1201 5351 1400 5427 instituta
1422 5350 1528 5426 forte
1551 5346 1840 5432 inveniantur,

351 5480 418 5556 vel
440 5480 485 5555 in
508 5481 723 5578 posterum
746 5476 1036 5554 instituentur.
