<?xml version="1.0" encoding="UTF-8"?>
<!DOCTYPE html PUBLIC "-//W3C//DTD XHTML 1.0 Transitional//EN"
    "http://www.w3.org/TR/xhtml1/DTD/xhtml1-transitional.dtd">
<html xmlns="http://www.w3.org/1999/xhtml" xml:lang="en" lang="en">
 <head>
  <title>
</title>
<meta http-equiv="Content-Type" content="text/html;charset=utf-8" />
  <meta name='ocr-system' content='tesseract 3.04.00' />
  <meta name='ocr-capabilities' content='ocr_page ocr_carea ocr_par ocr_line ocrx_word'/>
</head>
<body>
  <div class='ocr_page' id='page_1' title='image "actaapostolicae00citygoog_0012.png"; bbox 0 0 4120 6284; ppageno 0'>
   <div class='ocr_carea' id='block_1_1' title="bbox 843 469 1735 530">
    <p class='ocr_par' dir='ltr' id='par_1_1' title="bbox 843 469 1735 530">
     <span class='ocr_line' id='line_1_1' title="bbox 843 469 1735 530; baseline 0.009 -8"><span class='ocrx_word' id='word_1_1' title='bbox 843 471 919 522; x_wconf 75' lang='lat' dir='ltr'><strong>Aciti</strong></span> <span class='ocrx_word' id='word_1_2' title='bbox 939 469 992 522; x_wconf 76' lang='lat' dir='ltr'><strong>Pii</strong></span> <span class='ocrx_word' id='word_1_3' title='bbox 1011 469 1073 523; x_wconf 90' lang='grc' dir='ltr'><strong>ΡΡ.</strong></span> <span class='ocrx_word' id='word_1_4' title='bbox 1095 469 1131 524; x_wconf 83' lang='grc' dir='ltr'><strong>Χ.</strong></span> <span class='ocrx_word' id='word_1_5' title='bbox 1719 474 1735 530; x_wconf 87' lang='grc'><strong>7</strong></span> 
     </span>
    </p>
   </div>
   <div class='ocr_carea' id='block_1_2' title="bbox 565 565 1734 581">
    <p class='ocr_par' dir='ltr' id='par_1_2' title="bbox 565 565 1734 581">
     <span class='ocr_line' id='line_1_2' title="bbox 565 565 1734 581; baseline 0 -3"><span class='ocrx_word' id='word_1_6' title='bbox 565 565 655 571; x_wconf 76' lang='grc'><strong>--</strong></span> <span class='ocrx_word' id='word_1_7' title='bbox 674 565 920 574; x_wconf 65' lang='lat'>————·--——-</span> <span class='ocrx_word' id='word_1_8' title='bbox 964 566 1062 572; x_wconf 71' lang='lat'><strong><em>--··-··</em></strong></span> <span class='ocrx_word' id='word_1_9' title='bbox 1100 567 1144 571; x_wconf 86' lang='lat'><strong>—·</strong></span> <span class='ocrx_word' id='word_1_10' title='bbox 1606 569 1734 581; x_wconf 74' lang='lat'><strong>——</strong></span> 
     </span>
    </p>
   </div>
   <div class='ocr_carea' id='block_1_3' title="bbox 226 652 1735 1005">
    <p class='ocr_par' dir='ltr' id='par_1_3' title="bbox 226 652 1735 1005">
     <span class='ocr_line' id='line_1_3' title="bbox 333 652 1734 757; baseline 0.001 -29"><span class='ocrx_word' id='word_1_11' title='bbox 333 657 369 728; x_wconf 82' lang='lat'><strong>6.</strong></span> <span class='ocrx_word' id='word_1_12' title='bbox 396 652 629 730; x_wconf 88' lang='lat' dir='ltr'><strong>Deficiente</strong></span> <span class='ocrx_word' id='word_1_13' title='bbox 652 653 719 729; x_wconf 86' lang='lat' dir='ltr'><strong>vel</strong></span> <span class='ocrx_word' id='word_1_14' title='bbox 744 652 961 751; x_wconf 88' lang='lat' dir='ltr'><strong>impedite,</strong></span> <span class='ocrx_word' id='word_1_15' title='bbox 988 653 1140 753; x_wconf 87' lang='lat' dir='ltr'><strong>quavis</strong></span> <span class='ocrx_word' id='word_1_16' title='bbox 1165 653 1217 731; x_wconf 93' lang='lat' dir='ltr'><strong>de</strong></span> <span class='ocrx_word' id='word_1_17' title='bbox 1241 675 1381 743; x_wconf 89' lang='lat' dir='ltr'><strong>causa,</strong></span> <span class='ocrx_word' id='word_1_18' title='bbox 1408 655 1538 732; x_wconf 90' lang='lat' dir='ltr'><strong>etiam</strong></span> <span class='ocrx_word' id='word_1_19' title='bbox 1563 660 1734 757; x_wconf 90' lang='lat' dir='ltr'><strong>propter</strong></span> 
     </span>
     <span class='ocr_line' id='line_1_4' title="bbox 226 775 1735 877; baseline 0.001 -25"><span class='ocrx_word' id='word_1_20' title='bbox 226 775 465 865; x_wconf 88' lang='lat' dir='ltr'><strong>Conclave,</strong></span> <span class='ocrx_word' id='word_1_21' title='bbox 491 775 707 854; x_wconf 84' lang='lat' dir='ltr'><strong>Cardinali</strong></span> <span class='ocrx_word' id='word_1_22' title='bbox 729 775 911 864; x_wconf 91' lang='lat' dir='ltr'><strong>Vicaric,</strong></span> <span class='ocrx_word' id='word_1_23' title='bbox 937 776 1095 877; x_wconf 83' lang='lat' dir='ltr'>singuli</span> <span class='ocrx_word' id='word_1_24' title='bbox 1117 776 1303 853; x_wconf 89' lang='lat' dir='ltr'><strong>Praelati</strong></span> <span class='ocrx_word' id='word_1_25' title='bbox 1324 799 1399 876; x_wconf 88' lang='lat' dir='ltr'><strong>per</strong></span> <span class='ocrx_word' id='word_1_26' title='bbox 1420 800 1463 855; x_wconf 90' lang='lat' dir='ltr'><strong>se</strong></span> <span class='ocrx_word' id='word_1_27' title='bbox 1486 777 1569 876; x_wconf 91' lang='lat' dir='ltr'><strong>ipsi</strong></span> <span class='ocrx_word' id='word_1_28' title='bbox 1591 777 1735 854; x_wconf 85' lang='lat' dir='ltr'><strong>omnia</strong></span> 
     </span>
     <span class='ocr_line' id='line_1_5' title="bbox 229 901 1733 1005; baseline 0 -27"><span class='ocrx_word' id='word_1_29' title='bbox 229 924 348 1002; x_wconf 88' lang='lat' dir='ltr'><strong>quae</strong></span> <span class='ocrx_word' id='word_1_30' title='bbox 376 902 432 978; x_wconf 93' lang='lat' dir='ltr'><strong>ad</strong></span> <span class='ocrx_word' id='word_1_31' title='bbox 457 923 584 978; x_wconf 91' lang='lat' dir='ltr'><strong>suum</strong></span> <span class='ocrx_word' id='word_1_32' title='bbox 607 901 790 977; x_wconf 90' lang='lat' dir='ltr'><strong>officium</strong></span> <span class='ocrx_word' id='word_1_33' title='bbox 814 903 1010 1000; x_wconf 90' lang='lat' dir='ltr'><strong>spectant</strong></span> <span class='ocrx_word' id='word_1_34' title='bbox 1035 901 1270 980; x_wconf 89' lang='lat' dir='ltr'><strong>secundum</strong></span> <span class='ocrx_word' id='word_1_35' title='bbox 1295 903 1558 1005; x_wconf 88' lang='lat' dir='ltr'><strong>praescripta</strong></span> <span class='ocrx_word' id='word_1_36' title='bbox 1581 905 1627 980; x_wconf 94' lang='lat' dir='ltr'><strong>in</strong></span> <span class='ocrx_word' id='word_1_37' title='bbox 1653 903 1733 980; x_wconf 90' lang='lat' dir='ltr'><strong>hac</strong></span> 
     </span>
    </p>
   </div>
   <div class='ocr_carea' id='block_1_4' title="bbox 228 1023 1731 1246">
    <p class='ocr_par' dir='ltr' id='par_1_4' title="bbox 228 1023 1731 1246">
     <span class='ocr_line' id='line_1_6' title="bbox 229 1023 1731 1128; baseline 0.002 -28"><span class='ocrx_word' id='word_1_38' title='bbox 229 1025 326 1125; x_wconf 86' lang='lat' dir='ltr'><strong>lege</strong></span> <span class='ocrx_word' id='word_1_39' title='bbox 358 1025 707 1113; x_wconf 85' lang='lat' dir='ltr'><strong>moderabantur,</strong></span> <span class='ocrx_word' id='word_1_40' title='bbox 739 1047 788 1102; x_wconf 89' lang='lat' dir='ltr'><strong>ac</strong></span> <span class='ocrx_word' id='word_1_41' title='bbox 817 1025 870 1101; x_wconf 91' lang='lat' dir='ltr'><strong>de</strong></span> <span class='ocrx_word' id='word_1_42' title='bbox 900 1023 1015 1102; x_wconf 88' lang='lat' dir='ltr'><strong>fideli</strong></span> <span class='ocrx_word' id='word_1_43' title='bbox 1044 1026 1272 1103; x_wconf 88' lang='lat' dir='ltr'><strong>ministerii</strong></span> <span class='ocrx_word' id='word_1_44' title='bbox 1303 1027 1370 1103; x_wconf 92' lang='lat' dir='ltr'><strong>sui</strong></span> <span class='ocrx_word' id='word_1_45' title='bbox 1400 1027 1731 1128; x_wconf 89' lang='lat' dir='ltr'><strong>adimplementc</strong></span> 
     </span>
     <span class='ocr_line' id='line_1_7' title="bbox 228 1136 1097 1246; baseline 0.016 -36"><span class='ocrx_word' id='word_1_46' title='bbox 228 1136 363 1215; x_wconf 81' lang='lat' dir='ltr'><strong>iuxta</strong></span> <span class='ocrx_word' id='word_1_47' title='bbox 385 1145 614 1222; x_wconf 87' lang='lat' dir='ltr'><strong>canonicas</strong></span> <span class='ocrx_word' id='word_1_48' title='bbox 636 1146 748 1246; x_wconf 87' lang='lat' dir='ltr'><strong>leges</strong></span> <span class='ocrx_word' id='word_1_49' title='bbox 770 1147 1097 1246; x_wconf 90' lang='lat' dir='ltr'><strong>respondebunt.</strong></span> 
     </span>
    </p>
   </div>
   <div class='ocr_carea' id='block_1_5' title="bbox 472 1461 1500 1872">
    <p class='ocr_par' dir='ltr' id='par_1_5' title="bbox 472 1461 1500 1872">
     <span class='ocr_line' id='line_1_8' title="bbox 883 1461 1092 1546; baseline -0.01 0"><span class='ocrx_word' id='word_1_50' title='bbox 883 1461 1036 1546; x_wconf 71' lang='lat' dir='ltr'><strong>Gerar</strong></span> <span class='ocrx_word' id='word_1_51' title='bbox 1060 1462 1092 1545; x_wconf 93' lang='grc' dir='ltr'><strong>Ι.</strong></span> 
     </span>
     <span class='ocr_line' id='line_1_9' title="bbox 662 1639 1312 1700; baseline 0.002 -2"><span class='ocrx_word' id='word_1_52' title='bbox 662 1641 821 1700; x_wconf 75' lang='grc'><strong>1111111111</strong></span> <span class='ocrx_word' id='word_1_53' title='bbox 843 1639 1085 1698; x_wconf 75' lang='grc'><strong>1161111166</strong></span> <span class='ocrx_word' id='word_1_54' title='bbox 1112 1640 1312 1699; x_wconf 85' lang='lat' dir='ltr'><strong>orrrcruu.</strong></span> 
     </span>
     <span class='ocr_line' id='line_1_10' title="bbox 472 1769 1500 1872; baseline 0 -23"><span class='ocrx_word' id='word_1_55' title='bbox 472 1771 534 1849; x_wconf 90' lang='lat' dir='ltr'><strong>De</strong></span> <span class='ocrx_word' id='word_1_56' title='bbox 562 1771 713 1851; x_wconf 85' lang='lat' dir='ltr'><strong>divino</strong></span> <span class='ocrx_word' id='word_1_57' title='bbox 741 1771 866 1850; x_wconf 90' lang='lat' dir='ltr'><strong>cultu</strong></span> <span class='ocrx_word' id='word_1_58' title='bbox 894 1775 939 1850; x_wconf 88' lang='lat' dir='ltr'><strong>et</strong></span> <span class='ocrx_word' id='word_1_59' title='bbox 967 1769 1221 1850; x_wconf 78' lang='lat' dir='ltr'><strong>visitatIouc</strong></span> <span class='ocrx_word' id='word_1_60' title='bbox 1252 1772 1500 1872; x_wconf 85' lang='lat' dir='ltr'><strong>apostolica.</strong></span> 
     </span>
    </p>
   </div>
   <div class='ocr_carea' id='block_1_6' title="bbox 230 1977 1772 5598">
    <p class='ocr_par' dir='ltr' id='par_1_6' title="bbox 232 1977 1772 3088">
     <span class='ocr_line' id='line_1_11' title="bbox 335 1977 1772 2082; baseline 0.003 -29"><span class='ocrx_word' id='word_1_61' title='bbox 335 1977 374 2054; x_wconf 90' lang='lat'><strong>7.</strong></span> <span class='ocrx_word' id='word_1_62' title='bbox 395 1978 468 2055; x_wconf 92' lang='lat' dir='ltr'><strong>Ad</strong></span> <span class='ocrx_word' id='word_1_63' title='bbox 486 1979 795 2057; x_wconf 92' lang='lat' dir='ltr'><strong>consulendum</strong></span> <span class='ocrx_word' id='word_1_64' title='bbox 813 1977 951 2056; x_wconf 89' lang='lat' dir='ltr'><strong>divini</strong></span> <span class='ocrx_word' id='word_1_65' title='bbox 970 1980 1111 2058; x_wconf 88' lang='lat' dir='ltr'><strong>cultus</strong></span> <span class='ocrx_word' id='word_1_66' title='bbox 1130 1979 1270 2057; x_wconf 90' lang='lat' dir='ltr'><strong>ordini</strong></span> <span class='ocrx_word' id='word_1_67' title='bbox 1288 1982 1330 2058; x_wconf 91' lang='lat' dir='ltr'><strong>et</strong></span> <span class='ocrx_word' id='word_1_68' title='bbox 1350 1981 1502 2070; x_wconf 92' lang='lat' dir='ltr'><strong>decori,</strong></span> <span class='ocrx_word' id='word_1_69' title='bbox 1526 1982 1567 2058; x_wconf 91' lang='lat' dir='ltr'><strong>et</strong></span> <span class='ocrx_word' id='word_1_70' title='bbox 1587 1984 1642 2060; x_wconf 93' lang='lat' dir='ltr'><strong>ad</strong></span> <span class='ocrx_word' id='word_1_71' title='bbox 1662 2003 1732 2082; x_wconf 87' lang='lat' dir='ltr'><strong>pa·</strong></span> <span class='ocrx_word' id='word_1_72' title='bbox 1770 2053 1772 2058; x_wconf 86' lang='lat'><em>.</em></span> 
     </span>
     <span class='ocr_line' id='line_1_12' title="bbox 236 2105 1732 2206; baseline 0.001 -24"><span class='ocrx_word' id='word_1_73' title='bbox 236 2105 445 2182; x_wconf 88' lang='lat' dir='ltr'><strong>storalem</strong></span> <span class='ocrx_word' id='word_1_74' title='bbox 466 2105 757 2182; x_wconf 74' lang='lat' dir='ltr'><strong>visitationem</strong></span> <span class='ocrx_word' id='word_1_75' title='bbox 780 2105 825 2180; x_wconf 93' lang='lat' dir='ltr'><strong>in</strong></span> <span class='ocrx_word' id='word_1_76' title='bbox 849 2105 961 2182; x_wconf 87' lang='lat' dir='ltr'><strong>Urbe</strong></span> <span class='ocrx_word' id='word_1_77' title='bbox 985 2105 1281 2206; x_wconf 80' lang='lat' dir='ltr'>peragendam,</span> <span class='ocrx_word' id='word_1_78' title='bbox 1306 2106 1358 2182; x_wconf 93' lang='lat' dir='ltr'><strong>cb</strong></span> <span class='ocrx_word' id='word_1_79' title='bbox 1382 2107 1615 2205; x_wconf 82' lang='lat' dir='ltr'><strong>peculiares</strong></span> <span class='ocrx_word' id='word_1_80' title='bbox 1638 2129 1732 2185; x_wconf 91' lang='lat' dir='ltr'><strong>con-</strong></span> 
     </span>
     <span class='ocr_line' id='line_1_13' title="bbox 233 2230 1735 2333; baseline 0.001 -25"><span class='ocrx_word' id='word_1_81' title='bbox 233 2232 423 2308; x_wconf 88' lang='lat' dir='ltr'><strong>ditiones</strong></span> <span class='ocrx_word' id='word_1_82' title='bbox 450 2231 496 2307; x_wconf 94' lang='lat' dir='ltr'><strong>in</strong></span> <span class='ocrx_word' id='word_1_83' title='bbox 522 2232 678 2331; x_wconf 92' lang='lat' dir='ltr'><strong>quibus</strong></span> <span class='ocrx_word' id='word_1_84' title='bbox 700 2235 894 2308; x_wconf 85' lang='lat' dir='ltr'><strong>versatur</strong></span> <span class='ocrx_word' id='word_1_85' title='bbox 921 2230 1073 2310; x_wconf 88' lang='lat' dir='ltr'><strong>civitas</strong></span> <span class='ocrx_word' id='word_1_86' title='bbox 1101 2231 1231 2310; x_wconf 91' lang='lat' dir='ltr'><strong>totius</strong></span> <span class='ocrx_word' id='word_1_87' title='bbox 1258 2232 1491 2310; x_wconf 89' lang='lat' dir='ltr'><strong>catholicae</strong></span> <span class='ocrx_word' id='word_1_88' title='bbox 1519 2231 1735 2333; x_wconf 76' lang='lat' dir='ltr'><strong>religionis</strong></span> 
     </span>
     <span class='ocr_line' id='line_1_14' title="bbox 232 2356 1734 2458; baseline 0.001 -24"><span class='ocrx_word' id='word_1_89' title='bbox 232 2361 380 2456; x_wconf 88' lang='lat' dir='ltr'><strong>caput,</strong></span> <span class='ocrx_word' id='word_1_90' title='bbox 397 2359 599 2434; x_wconf 91' lang='lat' dir='ltr'><strong>Decessor</strong></span> <span class='ocrx_word' id='word_1_91' title='bbox 614 2357 764 2434; x_wconf 78' lang='lat' dir='ltr'><strong>Noster</strong></span> <span class='ocrx_word' id='word_1_92' title='bbox 778 2357 972 2435; x_wconf 85' lang='lat' dir='ltr'><strong>Clemens</strong></span> <span class='ocrx_word' id='word_1_93' title='bbox 987 2357 1108 2446; x_wconf 89' lang='lat' dir='ltr'>VIII,</span> <span class='ocrx_word' id='word_1_94' title='bbox 1125 2356 1426 2435; x_wconf 89' lang='lat' dir='ltr'><strong>constitutione</strong></span> <span class='ocrx_word' id='word_1_95' title='bbox 1440 2359 1734 2458; x_wconf 78' lang='lat' dir='ltr'><strong>Speculatores</strong></span> 
     </span>
     <span class='ocr_line' id='line_1_15' title="bbox 241 2482 1733 2585; baseline 0.001 -25"><span class='ocrx_word' id='word_1_96' title='bbox 241 2483 312 2560; x_wconf 89' lang='lat' dir='ltr'><strong>die</strong></span> <span class='ocrx_word' id='word_1_97' title='bbox 336 2487 359 2558; x_wconf 91' lang='lat'>8</span> <span class='ocrx_word' id='word_1_98' title='bbox 382 2484 542 2560; x_wconf 88' lang='lat' dir='ltr'><strong>mensis</strong></span> <span class='ocrx_word' id='word_1_99' title='bbox 565 2483 673 2560; x_wconf 92' lang='lat' dir='ltr'><strong>iunii</strong></span> <span class='ocrx_word' id='word_1_100' title='bbox 698 2505 763 2560; x_wconf 90' lang='lat' dir='ltr'><strong>an.</strong></span> <span class='ocrx_word' id='word_1_101' title='bbox 791 2482 899 2572; x_wconf 86' lang='grc'><strong>1570,</strong></span> <span class='ocrx_word' id='word_1_102' title='bbox 926 2483 1304 2584; x_wconf 82' lang='lat' dir='ltr'><strong>Congregationem</strong></span> <span class='ocrx_word' id='word_1_103' title='bbox 1329 2483 1598 2561; x_wconf 78' lang='lat' dir='ltr'><strong>VisItationis</strong></span> <span class='ocrx_word' id='word_1_104' title='bbox 1621 2488 1733 2585; x_wconf 92' lang='lat' dir='ltr'><strong>Apo·</strong></span> 
     </span>
     <span class='ocr_line' id='line_1_16' title="bbox 236 2609 1736 2710; baseline -0.001 -24"><span class='ocrx_word' id='word_1_105' title='bbox 236 2609 411 2686; x_wconf 89' lang='lat' dir='ltr'><strong>stolicae</strong></span> <span class='ocrx_word' id='word_1_106' title='bbox 431 2610 556 2687; x_wconf 89' lang='lat' dir='ltr'><strong>certis</strong></span> <span class='ocrx_word' id='word_1_107' title='bbox 575 2609 811 2709; x_wconf 89' lang='lat' dir='ltr'><strong>praefinitis</strong></span> <span class='ocrx_word' id='word_1_108' title='bbox 830 2609 993 2710; x_wconf 86' lang='lat' dir='ltr'><strong>legibus</strong></span> <span class='ocrx_word' id='word_1_109' title='bbox 1011 2609 1158 2686; x_wconf 85' lang='lat' dir='ltr'><strong>erexit.</strong></span> <span class='ocrx_word' id='word_1_110' title='bbox 1184 2611 1240 2688; x_wconf 90' lang='lat' dir='ltr'><strong>Ut</strong></span> <span class='ocrx_word' id='word_1_111' title='bbox 1259 2612 1403 2687; x_wconf 91' lang='lat' dir='ltr'><strong>autem</strong></span> <span class='ocrx_word' id='word_1_112' title='bbox 1423 2609 1518 2686; x_wconf 90' lang='lat' dir='ltr'><strong>iura</strong></span> <span class='ocrx_word' id='word_1_113' title='bbox 1537 2610 1579 2686; x_wconf 90' lang='lat' dir='ltr'><strong>et</strong></span> <span class='ocrx_word' id='word_1_114' title='bbox 1598 2609 1736 2686; x_wconf 88' lang='lat' dir='ltr'><strong>officia</strong></span> 
     </span>
     <span class='ocr_line' id='line_1_17' title="bbox 242 2735 1732 2836; baseline 0.001 -26"><span class='ocrx_word' id='word_1_115' title='bbox 242 2735 373 2811; x_wconf 91' lang='lat' dir='ltr'><strong>huius</strong></span> <span class='ocrx_word' id='word_1_116' title='bbox 397 2735 744 2836; x_wconf 75' lang='lat' dir='ltr'><strong>congregationis</strong></span> <span class='ocrx_word' id='word_1_117' title='bbox 766 2735 908 2835; x_wconf 89' lang='lat' dir='ltr'><strong>aptius</strong></span> <span class='ocrx_word' id='word_1_118' title='bbox 931 2758 1006 2835; x_wconf 91' lang='lat' dir='ltr'><strong>pro</strong></span> <span class='ocrx_word' id='word_1_119' title='bbox 1027 2737 1268 2834; x_wconf 89' lang='lat' dir='ltr'><strong>temporum</strong></span> <span class='ocrx_word' id='word_1_120' title='bbox 1291 2735 1504 2812; x_wconf 92' lang='lat' dir='ltr'><strong>adiunctis</strong></span> <span class='ocrx_word' id='word_1_121' title='bbox 1527 2735 1732 2824; x_wconf 87' lang='lat' dir='ltr'><strong>definiret,</strong></span> 
     </span>
     <span class='ocr_line' id='line_1_18' title="bbox 241 2859 1733 2961; baseline 0.001 -25"><span class='ocrx_word' id='word_1_122' title='bbox 241 2859 313 2936; x_wconf 91' lang='lat' dir='ltr'><strong>die</strong></span> <span class='ocrx_word' id='word_1_123' title='bbox 336 2863 383 2935; x_wconf 80' lang='lat'><strong>21</strong></span> <span class='ocrx_word' id='word_1_124' title='bbox 408 2860 567 2938; x_wconf 82' lang='lat' dir='ltr'><strong>mensis</strong></span> <span class='ocrx_word' id='word_1_125' title='bbox 590 2861 823 2938; x_wconf 80' lang='lat' dir='ltr'><strong>decembris</strong></span> <span class='ocrx_word' id='word_1_126' title='bbox 847 2883 959 2938; x_wconf 91' lang='lat' dir='ltr'><strong>anno</strong></span> <span class='ocrx_word' id='word_1_127' title='bbox 986 2860 1082 2937; x_wconf 85' lang='lat'>1847</span> <span class='ocrx_word' id='word_1_128' title='bbox 1106 2861 1210 2939; x_wconf 89' lang='lat' dir='ltr'><strong>Pius</strong></span> <span class='ocrx_word' id='word_1_129' title='bbox 1236 2861 1289 2936; x_wconf 90' lang='lat' dir='ltr'><strong>IX</strong></span> <span class='ocrx_word' id='word_1_130' title='bbox 1313 2859 1556 2961; x_wconf 88' lang='lat' dir='ltr'><strong>apostolicis</strong></span> <span class='ocrx_word' id='word_1_131' title='bbox 1580 2861 1733 2938; x_wconf 90' lang='lat' dir='ltr'><strong>litteris</strong></span> 
     </span>
     <span class='ocr_line' id='line_1_19' title="bbox 243 2986 1563 3088; baseline -0.002 -24"><span class='ocrx_word' id='word_1_132' title='bbox 243 2989 367 3064; x_wconf 80' lang='lat' dir='ltr'><strong>Beati</strong></span> <span class='ocrx_word' id='word_1_133' title='bbox 389 2989 506 3062; x_wconf 77' lang='lat' dir='ltr'><strong>Petri</strong></span> <span class='ocrx_word' id='word_1_134' title='bbox 529 3011 661 3064; x_wconf 88' lang='lat' dir='ltr'><strong>novas</strong></span> <span class='ocrx_word' id='word_1_135' title='bbox 685 2987 822 3064; x_wconf 92' lang='lat' dir='ltr'><strong>eidem</strong></span> <span class='ocrx_word' id='word_1_136' title='bbox 847 2987 1173 3088; x_wconf 81' lang='lat' dir='ltr'><strong>Congregaticni</strong></span> <span class='ocrx_word' id='word_1_137' title='bbox 1195 2988 1307 3087; x_wconf 82' lang='lat' dir='ltr'><strong>leges</strong></span> <span class='ocrx_word' id='word_1_138' title='bbox 1331 2986 1563 3064; x_wconf 89' lang='lat' dir='ltr'><strong>constituit.</strong></span> 
     </span>
    </p>

    <p class='ocr_par' dir='ltr' id='par_1_7' title="bbox 234 3111 1736 4093">
     <span class='ocr_line' id='line_1_20' title="bbox 341 3111 1734 3214; baseline -0.001 -26"><span class='ocrx_word' id='word_1_139' title='bbox 341 3114 393 3189; x_wconf 91' lang='lat' dir='ltr'><strong>In</strong></span> <span class='ocrx_word' id='word_1_140' title='bbox 405 3114 618 3212; x_wconf 77' lang='lat' dir='ltr'><strong>praesenti</strong></span> <span class='ocrx_word' id='word_1_141' title='bbox 632 3136 746 3204; x_wconf 86' lang='lat' dir='ltr'><strong>vem,</strong></span> <span class='ocrx_word' id='word_1_142' title='bbox 764 3115 994 3202; x_wconf 90' lang='lat' dir='ltr'><strong>servantes,</strong></span> <span class='ocrx_word' id='word_1_143' title='bbox 1012 3113 1057 3190; x_wconf 90' lang='lat' dir='ltr'><strong>in</strong></span> <span class='ocrx_word' id='word_1_144' title='bbox 1071 3112 1248 3214; x_wconf 89' lang='lat' dir='ltr'><strong>iisquae</strong></span> <span class='ocrx_word' id='word_1_145' title='bbox 1263 3136 1353 3190; x_wconf 93' lang='lat' dir='ltr'><strong>rem</strong></span> <span class='ocrx_word' id='word_1_146' title='bbox 1368 3111 1599 3213; x_wconf 85' lang='lat' dir='ltr'><strong>attingunt,</strong></span> <span class='ocrx_word' id='word_1_147' title='bbox 1618 3133 1734 3211; x_wconf 88' lang='lat' dir='ltr'><strong>prae-</strong></span> 
     </span>
     <span class='ocr_line' id='line_1_21' title="bbox 236 3237 1734 3339; baseline -0.003 -23"><span class='ocrx_word' id='word_1_148' title='bbox 236 3239 490 3339; x_wconf 89' lang='lat' dir='ltr'><strong>scriptiones</strong></span> <span class='ocrx_word' id='word_1_149' title='bbox 522 3240 799 3317; x_wconf 92' lang='lat' dir='ltr'><strong>Decesscrum</strong></span> <span class='ocrx_word' id='word_1_150' title='bbox 834 3239 1095 3327; x_wconf 90' lang='lat' dir='ltr'><strong>Nostrorum,</strong></span> <span class='ocrx_word' id='word_1_151' title='bbox 1132 3242 1174 3315; x_wconf 90' lang='lat' dir='ltr'><strong>et</strong></span> <span class='ocrx_word' id='word_1_152' title='bbox 1207 3237 1446 3316; x_wconf 84' lang='lat' dir='ltr'><strong>executioni</strong></span> <span class='ocrx_word' id='word_1_153' title='bbox 1480 3237 1734 3314; x_wconf 89' lang='lat' dir='ltr'><strong>mandantes</strong></span> 
     </span>
     <span class='ocr_line' id='line_1_22' title="bbox 234 3361 1733 3464; baseline -0.003 -22"><span class='ocrx_word' id='word_1_154' title='bbox 234 3387 348 3464; x_wconf 89' lang='lat' dir='ltr'><strong>quae</strong></span> <span class='ocrx_word' id='word_1_155' title='bbox 374 3365 458 3442; x_wconf 91' lang='lat' dir='ltr'><strong>Nos</strong></span> <span class='ocrx_word' id='word_1_156' title='bbox 481 3365 565 3464; x_wconf 91' lang='lat' dir='ltr'><strong>ipsi</strong></span> <span class='ocrx_word' id='word_1_157' title='bbox 589 3365 634 3441; x_wconf 94' lang='lat' dir='ltr'><strong>in</strong></span> <span class='ocrx_word' id='word_1_158' title='bbox 660 3365 961 3443; x_wconf 88' lang='lat' dir='ltr'><strong>constitutione</strong></span> <span class='ocrx_word' id='word_1_159' title='bbox 986 3365 1180 3464; x_wconf 76' lang='lat' dir='ltr'><strong>Sapienti</strong></span> <span class='ocrx_word' id='word_1_160' title='bbox 1206 3365 1380 3440; x_wconf 83' lang='lat' dir='ltr'><strong>coasilio</strong></span> <span class='ocrx_word' id='word_1_161' title='bbox 1407 3365 1474 3441; x_wconf 82' lang='lat' dir='ltr'><strong>dIs</strong></span> <span class='ocrx_word' id='word_1_162' title='bbox 1500 3365 1549 3437; x_wconf 79' lang='lat'><strong>29</strong></span> <span class='ocrx_word' id='word_1_163' title='bbox 1575 3361 1733 3439; x_wconf 90' lang='lat' dir='ltr'><strong>mensis</strong></span> 
     </span>
     <span class='ocr_line' id='line_1_23' title="bbox 242 3489 1733 3591; baseline 0.001 -26"><span class='ocrx_word' id='word_1_164' title='bbox 242 3489 354 3565; x_wconf 91' lang='lat' dir='ltr'><strong>iunii</strong></span> <span class='ocrx_word' id='word_1_165' title='bbox 370 3513 483 3568; x_wconf 87' lang='lat' dir='ltr'><strong>anno</strong></span> <span class='ocrx_word' id='word_1_166' title='bbox 501 3493 598 3567; x_wconf 85' lang='grc'><strong>1008</strong></span> <span class='ocrx_word' id='word_1_167' title='bbox 616 3492 856 3581; x_wconf 87' lang='lat' dir='ltr'><strong>statuimus,</strong></span> <span class='ocrx_word' id='word_1_168' title='bbox 875 3513 981 3590; x_wconf 92' lang='lat' dir='ltr'><strong>opus</strong></span> <span class='ocrx_word' id='word_1_169' title='bbox 998 3491 1266 3568; x_wconf 80' lang='lat' dir='ltr'><strong>visitationis</strong></span> <span class='ocrx_word' id='word_1_170' title='bbox 1284 3491 1539 3591; x_wconf 88' lang='lat' dir='ltr'><strong>apostolicae</strong></span> <span class='ocrx_word' id='word_1_171' title='bbox 1558 3492 1603 3566; x_wconf 92' lang='lat' dir='ltr'><strong>in</strong></span> <span class='ocrx_word' id='word_1_172' title='bbox 1621 3490 1733 3568; x_wconf 89' lang='lat' dir='ltr'><strong>Urbe</strong></span> 
     </span>
     <span class='ocr_line' id='line_1_24' title="bbox 235 3615 1736 3717; baseline -0.002 -26"><span class='ocrx_word' id='word_1_173' title='bbox 235 3617 414 3716; x_wconf 92' lang='lat' dir='ltr'><strong>eiusque</strong></span> <span class='ocrx_word' id='word_1_174' title='bbox 434 3615 615 3694; x_wconf 90' lang='lat' dir='ltr'><strong>dioecesi</strong></span> <span class='ocrx_word' id='word_1_175' title='bbox 633 3617 926 3694; x_wconf 90' lang='lat' dir='ltr'><strong>concredimus</strong></span> <span class='ocrx_word' id='word_1_176' title='bbox 945 3617 1150 3717; x_wconf 87' lang='lat' dir='ltr'><strong>peculiari</strong></span> <span class='ocrx_word' id='word_1_177' title='bbox 1166 3616 1317 3706; x_wconf 89' lang='lat' dir='ltr'><strong>coetui,</strong></span> <span class='ocrx_word' id='word_1_178' title='bbox 1342 3639 1415 3693; x_wconf 92' lang='lat' dir='ltr'><strong>seu</strong></span> <span class='ocrx_word' id='word_1_179' title='bbox 1435 3615 1736 3693; x_wconf 79' lang='lat' dir='ltr'><strong>Commissioai</strong></span> 
     </span>
     <span class='ocr_line' id='line_1_25' title="bbox 238 3738 1734 3831; baseline -0.002 -13"><span class='ocrx_word' id='word_1_180' title='bbox 238 3743 327 3818; x_wconf 93' lang='grc' dir='ltr'><strong>ΡΡ.</strong></span> <span class='ocrx_word' id='word_1_181' title='bbox 350 3741 657 3831; x_wconf 78' lang='lat' dir='ltr'><strong>cardinalium,</strong></span> <span class='ocrx_word' id='word_1_182' title='bbox 682 3742 804 3820; x_wconf 93' lang='lat' dir='ltr'><strong>cuius</strong></span> <span class='ocrx_word' id='word_1_183' title='bbox 825 3745 999 3820; x_wconf 89' lang='lat' dir='ltr'><strong>Praeses</strong></span> <span class='ocrx_word' id='word_1_184' title='bbox 1020 3740 1099 3820; x_wconf 90' lang='lat' dir='ltr'><strong>erit</strong></span> <span class='ocrx_word' id='word_1_185' title='bbox 1121 3741 1361 3820; x_wconf 82' lang='lat' dir='ltr'><strong>Cardinalis</strong></span> <span class='ocrx_word' id='word_1_186' title='bbox 1384 3740 1533 3818; x_wconf 89' lang='lat' dir='ltr'><strong>Noster</strong></span> <span class='ocrx_word' id='word_1_187' title='bbox 1553 3738 1599 3816; x_wconf 92' lang='lat' dir='ltr'><strong>in</strong></span> <span class='ocrx_word' id='word_1_188' title='bbox 1622 3739 1734 3816; x_wconf 89' lang='lat' dir='ltr'><strong>Urbe</strong></span> 
     </span>
     <span class='ocr_line' id='line_1_26' title="bbox 242 3865 1733 3967; baseline -0.001 -23"><span class='ocrx_word' id='word_1_189' title='bbox 242 3868 441 3944; x_wconf 88' lang='lat' dir='ltr'><strong>Vicarius</strong></span> <span class='ocrx_word' id='word_1_190' title='bbox 460 3871 501 3944; x_wconf 93' lang='lat' dir='ltr'><strong>et</strong></span> <span class='ocrx_word' id='word_1_191' title='bbox 519 3867 710 3945; x_wconf 88' lang='lat' dir='ltr'><strong>membra</strong></span> <span class='ocrx_word' id='word_1_192' title='bbox 728 3872 830 3946; x_wconf 89' lang='lat' dir='ltr'><strong>nata</strong></span> <span class='ocrx_word' id='word_1_193' title='bbox 850 3867 1097 3946; x_wconf 83' lang='lat' dir='ltr'><strong>Cardinales</strong></span> <span class='ocrx_word' id='word_1_194' title='bbox 1117 3866 1327 3944; x_wconf 84' lang='lat' dir='ltr'><strong>Praefecti</strong></span> <span class='ocrx_word' id='word_1_195' title='bbox 1347 3865 1415 3942; x_wconf 85' lang='lat' dir='ltr'><strong>SS.</strong></span> <span class='ocrx_word' id='word_1_196' title='bbox 1438 3866 1733 3967; x_wconf 76' lang='lat' dir='ltr'><strong>congregatio-</strong></span> 
     </span>
     <span class='ocr_line' id='line_1_27' title="bbox 241 3992 944 4093; baseline 0.001 -25"><span class='ocrx_word' id='word_1_197' title='bbox 241 4014 351 4068; x_wconf 90' lang='lat' dir='ltr'><strong>num</strong></span> <span class='ocrx_word' id='word_1_198' title='bbox 370 3992 550 4070; x_wconf 86' lang='lat' dir='ltr'><strong>Concilii</strong></span> <span class='ocrx_word' id='word_1_199' title='bbox 567 3996 608 4070; x_wconf 92' lang='lat' dir='ltr'><strong>et</strong></span> <span class='ocrx_word' id='word_1_200' title='bbox 626 3993 944 4093; x_wconf 87' lang='lat' dir='ltr'><strong>Religiosorum.</strong></span> 
     </span>
    </p>

    <p class='ocr_par' dir='ltr' id='par_1_8' title="bbox 242 4118 1733 4343">
     <span class='ocr_line' id='line_1_28' title="bbox 346 4118 1733 4197; baseline 0 -3"><span class='ocrx_word' id='word_1_201' title='bbox 346 4123 379 4194; x_wconf 89' lang='lat'><strong>8.</strong></span> <span class='ocrx_word' id='word_1_202' title='bbox 397 4120 436 4194; x_wconf 87' lang='lat' dir='ltr'>A</span> <span class='ocrx_word' id='word_1_203' title='bbox 453 4119 623 4196; x_wconf 90' lang='lat' dir='ltr'><strong>secretis</strong></span> <span class='ocrx_word' id='word_1_204' title='bbox 641 4119 768 4196; x_wconf 92' lang='lat' dir='ltr'><strong>huius</strong></span> <span class='ocrx_word' id='word_1_205' title='bbox 785 4123 927 4196; x_wconf 90' lang='lat' dir='ltr'><strong>coetus</strong></span> <span class='ocrx_word' id='word_1_206' title='bbox 944 4122 1024 4197; x_wconf 89' lang='lat' dir='ltr'><strong>erit</strong></span> <span class='ocrx_word' id='word_1_207' title='bbox 1041 4118 1369 4196; x_wconf 65' lang='lat' dir='ltr'><strong>Commissa-ias</strong></span> <span class='ocrx_word' id='word_1_208' title='bbox 1386 4118 1528 4195; x_wconf 87' lang='lat' dir='ltr'><strong>Nostri</strong></span> <span class='ocrx_word' id='word_1_209' title='bbox 1546 4119 1733 4195; x_wconf 89' lang='lat' dir='ltr'><strong>Vicarie·</strong></span> 
     </span>
     <span class='ocr_line' id='line_1_29' title="bbox 242 4244 935 4343; baseline 0.001 -23"><span class='ocrx_word' id='word_1_210' title='bbox 242 4245 326 4331; x_wconf 90' lang='lat' dir='ltr'><strong>tus,</strong></span> <span class='ocrx_word' id='word_1_211' title='bbox 342 4244 393 4320; x_wconf 90' lang='lat' dir='ltr'><strong>de</strong></span> <span class='ocrx_word' id='word_1_212' title='bbox 408 4265 492 4343; x_wconf 90' lang='lat' dir='ltr'><strong>quo</strong></span> <span class='ocrx_word' id='word_1_213' title='bbox 507 4244 552 4320; x_wconf 91' lang='lat' dir='ltr'><strong>in</strong></span> <span class='ocrx_word' id='word_1_214' title='bbox 567 4266 682 4321; x_wconf 80' lang='lat' dir='ltr'><strong>aaut.</strong></span> <span class='ocrx_word' id='word_1_215' title='bbox 698 4246 935 4322; x_wconf 74' lang='lat' dir='ltr'><strong>ediximus.</strong></span> 
     </span>
    </p>

    <p class='ocr_par' dir='ltr' id='par_1_9' title="bbox 232 4369 1734 4699">
     <span class='ocr_line' id='line_1_30' title="bbox 346 4369 1733 4470; baseline 0 -27"><span class='ocrx_word' id='word_1_216' title='bbox 346 4372 380 4444; x_wconf 87' lang='grc'><strong>0.</strong></span> <span class='ocrx_word' id='word_1_217' title='bbox 403 4370 680 4447; x_wconf 89' lang='lat' dir='ltr'><strong>Tabularium</strong></span> <span class='ocrx_word' id='word_1_218' title='bbox 701 4372 744 4448; x_wconf 89' lang='lat' dir='ltr'><strong>et</strong></span> <span class='ocrx_word' id='word_1_219' title='bbox 766 4372 999 4460; x_wconf 87' lang='lat' dir='ltr'><strong>archivum,</strong></span> <span class='ocrx_word' id='word_1_220' title='bbox 1023 4393 1131 4470; x_wconf 90' lang='lat' dir='ltr'><strong>quae</strong></span> <span class='ocrx_word' id='word_1_221' title='bbox 1154 4371 1325 4470; x_wconf 88' lang='lat' dir='ltr'><strong>propria</strong></span> <span class='ocrx_word' id='word_1_222' title='bbox 1348 4371 1469 4447; x_wconf 90' lang='lat' dir='ltr'><strong>erant</strong></span> <span class='ocrx_word' id='word_1_223' title='bbox 1491 4369 1528 4446; x_wconf 88' lang='lat' dir='ltr'><strong>S.</strong></span> <span class='ocrx_word' id='word_1_224' title='bbox 1554 4370 1733 4468; x_wconf 84' lang='lat' dir='ltr'><strong>Congre-</strong></span> 
     </span>
     <span class='ocr_line' id='line_1_31' title="bbox 232 4491 1734 4596; baseline -0.003 -24"><span class='ocrx_word' id='word_1_225' title='bbox 232 4494 421 4596; x_wconf 84' lang='lat' dir='ltr'><strong>gatiouis</strong></span> <span class='ocrx_word' id='word_1_226' title='bbox 442 4496 712 4574; x_wconf 80' lang='lat' dir='ltr'><strong>visitationis</strong></span> <span class='ocrx_word' id='word_1_227' title='bbox 733 4499 831 4574; x_wconf 90' lang='lat' dir='ltr'><strong>ante</strong></span> <span class='ocrx_word' id='word_1_228' title='bbox 853 4497 1199 4575; x_wconf 87' lang='lat' dir='ltr'><strong>constitutionem</strong></span> <span class='ocrx_word' id='word_1_229' title='bbox 1221 4495 1415 4594; x_wconf 77' lang='lat' dir='ltr'><strong>Sapienti</strong></span> <span class='ocrx_word' id='word_1_230' title='bbox 1437 4493 1611 4570; x_wconf 86' lang='lat' dir='ltr'><strong>coasilio</strong></span> <span class='ocrx_word' id='word_1_231' title='bbox 1633 4491 1734 4569; x_wconf 90' lang='lat' dir='ltr'><strong>huic</strong></span> 
     </span>
     <span class='ocr_line' id='line_1_32' title="bbox 235 4619 561 4699; baseline 0.003 -3"><span class='ocrx_word' id='word_1_232' title='bbox 235 4619 374 4698; x_wconf 88' lang='lat' dir='ltr'><strong>officio</strong></span> <span class='ocrx_word' id='word_1_233' title='bbox 393 4622 561 4699; x_wconf 92' lang='lat' dir='ltr'><strong>cedunt.</strong></span> 
     </span>
    </p>

    <p class='ocr_par' dir='ltr' id='par_1_10' title="bbox 234 4743 1737 5219">
     <span class='ocr_line' id='line_1_33' title="bbox 342 4743 1737 4842; baseline 0 -23"><span class='ocrx_word' id='word_1_234' title='bbox 342 4743 508 4821; x_wconf 88' lang='lat' dir='ltr'><strong>Pariter</strong></span> <span class='ocrx_word' id='word_1_235' title='bbox 545 4745 656 4822; x_wconf 89' lang='lat' dir='ltr'><strong>inter</strong></span> <span class='ocrx_word' id='word_1_236' title='bbox 684 4745 887 4824; x_wconf 87' lang='lat' dir='ltr'><strong>officiales</strong></span> <span class='ocrx_word' id='word_1_237' title='bbox 924 4746 1168 4824; x_wconf 90' lang='lat' dir='ltr'><strong>Vicariatus</strong></span> <span class='ocrx_word' id='word_1_238' title='bbox 1205 4744 1625 4823; x_wconf 89' lang='lat' dir='ltr'><strong>connumerabuntur</strong></span> <span class='ocrx_word' id='word_1_239' title='bbox 1662 4743 1737 4842; x_wconf 92' lang='lat' dir='ltr'><strong>qui</strong></span> 
     </span>
     <span class='ocr_line' id='line_1_34' title="bbox 234 4865 1732 4970; baseline -0.004 -24"><span class='ocrx_word' id='word_1_240' title='bbox 234 4867 483 4946; x_wconf 84' lang='lat' dir='ltr'><strong>administri</strong></span> <span class='ocrx_word' id='word_1_241' title='bbox 511 4871 632 4946; x_wconf 88' lang='lat' dir='ltr'><strong>erant</strong></span> <span class='ocrx_word' id='word_1_242' title='bbox 660 4871 917 4947; x_wconf 88' lang='lat' dir='ltr'><strong>memoratae</strong></span> <span class='ocrx_word' id='word_1_243' title='bbox 945 4867 986 4946; x_wconf 85' lang='lat' dir='ltr'><strong>S.</strong></span> <span class='ocrx_word' id='word_1_244' title='bbox 1015 4867 1377 4970; x_wconf 83' lang='lat' dir='ltr'><strong>Congregationis,</strong></span> <span class='ocrx_word' id='word_1_245' title='bbox 1411 4867 1490 4945; x_wconf 90' lang='lat' dir='ltr'><strong>sub</strong></span> <span class='ocrx_word' id='word_1_246' title='bbox 1518 4865 1643 4943; x_wconf 93' lang='lat' dir='ltr'><strong>modo</strong></span> <span class='ocrx_word' id='word_1_247' title='bbox 1671 4867 1732 4940; x_wconf 89' lang='lat' dir='ltr'><strong>ta-</strong></span> 
     </span>
     <span class='ocr_line' id='line_1_35' title="bbox 237 4991 1732 5095; baseline -0.005 -22"><span class='ocrx_word' id='word_1_248' title='bbox 237 5016 336 5073; x_wconf 91' lang='lat' dir='ltr'><strong>men</strong></span> <span class='ocrx_word' id='word_1_249' title='bbox 364 4997 406 5072; x_wconf 93' lang='lat' dir='ltr'><strong>et</strong></span> <span class='ocrx_word' id='word_1_250' title='bbox 434 5017 535 5072; x_wconf 93' lang='lat' dir='ltr'><strong>cum</strong></span> <span class='ocrx_word' id='word_1_251' title='bbox 562 4993 687 5072; x_wconf 90' lang='lat' dir='ltr'><strong>titulo</strong></span> <span class='ocrx_word' id='word_1_252' title='bbox 710 4996 752 5072; x_wconf 90' lang='lat' dir='ltr'><strong>et</strong></span> <span class='ocrx_word' id='word_1_253' title='bbox 779 4993 1028 5074; x_wconf 89' lang='lat' dir='ltr'><strong>muneribus</strong></span> <span class='ocrx_word' id='word_1_254' title='bbox 1057 5017 1165 5095; x_wconf 89' lang='lat' dir='ltr'><strong>quae</strong></span> <span class='ocrx_word' id='word_1_255' title='bbox 1194 4993 1296 5071; x_wconf 94' lang='lat' dir='ltr'><strong>huic</strong></span> <span class='ocrx_word' id='word_1_256' title='bbox 1324 5016 1460 5070; x_wconf 91' lang='lat' dir='ltr'><strong>novae</strong></span> <span class='ocrx_word' id='word_1_257' title='bbox 1490 4991 1732 5068; x_wconf 87' lang='lat' dir='ltr'><strong>Vicariatus</strong></span> 
     </span>
     <span class='ocr_line' id='line_1_36' title="bbox 234 5119 816 5219; baseline -0.002 -23"><span class='ocrx_word' id='word_1_258' title='bbox 234 5119 499 5198; x_wconf 86' lang='lat' dir='ltr'><strong>ordinationi</strong></span> <span class='ocrx_word' id='word_1_259' title='bbox 521 5120 816 5219; x_wconf 90' lang='lat' dir='ltr'><strong>respondeant.</strong></span> 
     </span>
    </p>

    <p class='ocr_par' dir='ltr' id='par_1_11' title="bbox 230 5242 1732 5474">
     <span class='ocr_line' id='line_1_37' title="bbox 332 5242 1732 5325; baseline -0.004 -2"><span class='ocrx_word' id='word_1_260' title='bbox 332 5247 540 5325; x_wconf 91' lang='lat' dir='ltr'><strong>Eiusdem</strong></span> <span class='ocrx_word' id='word_1_261' title='bbox 560 5249 703 5323; x_wconf 89' lang='lat' dir='ltr'><strong>autem</strong></span> <span class='ocrx_word' id='word_1_262' title='bbox 724 5269 822 5324; x_wconf 89' lang='lat' dir='ltr'><strong>arca</strong></span> <span class='ocrx_word' id='word_1_263' title='bbox 841 5245 1085 5323; x_wconf 89' lang='lat' dir='ltr'><strong>nummaria</strong></span> <span class='ocrx_word' id='word_1_264' title='bbox 1104 5245 1149 5320; x_wconf 92' lang='lat' dir='ltr'><strong>in</strong></span> <span class='ocrx_word' id='word_1_265' title='bbox 1169 5244 1408 5322; x_wconf 87' lang='lat' dir='ltr'><strong>custodiam</strong></span> <span class='ocrx_word' id='word_1_266' title='bbox 1429 5242 1628 5321; x_wconf 88' lang='lat' dir='ltr'><strong>transibit</strong></span> <span class='ocrx_word' id='word_1_267' title='bbox 1674 5243 1732 5318; x_wconf 91' lang='lat' dir='ltr'><strong>ffi-</strong></span> 
     </span>
     <span class='ocr_line' id='line_1_38' title="bbox 230 5371 723 5474; baseline -0.002 -24"><span class='ocrx_word' id='word_1_268' title='bbox 230 5372 286 5450; x_wconf 90' lang='lat' dir='ltr'><strong>cii</strong></span> <span class='ocrx_word' id='word_1_269' title='bbox 301 5373 446 5474; x_wconf 90' lang='lat' dir='ltr'><strong>quarti</strong></span> <span class='ocrx_word' id='word_1_270' title='bbox 466 5371 723 5449; x_wconf 88' lang='lat' dir='ltr'><strong>Vicariatus.</strong></span> 
     </span>
    </p>

    <p class='ocr_par' dir='ltr' id='par_1_12' title="bbox 339 5497 1731 5598">
     <span class='ocr_line' id='line_1_39' title="bbox 339 5497 1731 5598; baseline -0.004 -22"><span class='ocrx_word' id='word_1_271' title='bbox 339 5505 397 5576; x_wconf 90' lang='lat'><strong>10.</strong></span> <span class='ocrx_word' id='word_1_272' title='bbox 424 5497 687 5574; x_wconf 82' lang='lat' dir='ltr'><strong>Mandemus</strong></span> <span class='ocrx_word' id='word_1_273' title='bbox 712 5500 854 5575; x_wconf 89' lang='lat' dir='ltr'><strong>autem</strong></span> <span class='ocrx_word' id='word_1_274' title='bbox 880 5500 1006 5596; x_wconf 88' lang='lat' dir='ltr'><strong>atque</strong></span> <span class='ocrx_word' id='word_1_275' title='bbox 1031 5497 1308 5585; x_wconf 90' lang='lat' dir='ltr'><strong>decernimus,</strong></span> <span class='ocrx_word' id='word_1_276' title='bbox 1334 5499 1384 5574; x_wconf 90' lang='lat' dir='ltr'><strong>ut</strong></span> <span class='ocrx_word' id='word_1_277' title='bbox 1408 5497 1586 5598; x_wconf 86' lang='lat' dir='ltr'><strong>singulis</strong></span> <span class='ocrx_word' id='word_1_278' title='bbox 1611 5499 1731 5595; x_wconf 91' lang='lat' dir='ltr'><strong>quin-</strong></span> 
     </span>
    </p>
   </div>
   <div class='ocr_carea' id='block_1_7' title="bbox 0 0 2065 6276">
    <p class='ocr_par' dir='ltr' id='par_1_13' title="bbox 0 0 2065 6276">
     <span class='ocr_line' id='line_1_40' title="bbox 0 0 2065 6276; baseline 0 0"><span class='ocrx_word' id='word_1_279' title='bbox 0 0 2065 6276; x_wconf 95' lang='lat' dir='ltr'><strong> </strong></span> 
     </span>
    </p>
   </div>
  </div>
 </body>
</html>
