4038 6274
403 432 456 490 154
719 439 796 493 Aeta
816 439 1006 508 Apoetolicoe
1019 439 1117 495 Sedis.
1137 468 1153 478 -
1176 439 1435 496 commentarium
1450 442 1590 509 officiale.

404 645 423 680 «
439 616 541 687 nium
566 639 694 689 eorum
717 621 780 709 qui
803 627 947 710 praeter
970 645 1053 693 eum
1077 643 1239 694 errorem
1255 644 1329 711 quo
1345 623 1476 695 imbuti
1501 631 1598 710 sunt,
1615 625 1888 696 conventionem

405 770 423 806 «
439 742 549 812 etiam
574 744 750 816 adiiciunt
774 747 818 817 de
843 747 1065 818 matrimonii
1099 748 1340 821 dissolutione
1371 751 1495 840 quoad
1521 751 1719 836 vinculum,
1743 750 1890 820 interve·

404 895 422 931 «
438 868 561 939 niente
584 870 773 941 adulterio.
800 872 919 960 Super
941 895 1015 962 quo
1040 873 1092 943 ita
1114 875 1389 946 ratiocinantur.
1414 875 1646 965 Quicumque
1670 879 1889 946 contractum

404 1020 423 1055 α
439 992 526 1073 vult,
550 1015 701 1065 necesse
716 1004 772 1067 est
788 1002 829 1066 ut
845 998 1009 1068 eiusdem
1026 999 1272 1069 substantiam
1291 1000 1395 1087 velit;
1419 1001 1574 1090 ideoque
1592 1001 1623 1070 si
1638 999 1891 1070 contrahentes

404 1144 421 1180 ‹
439 1116 477 1186 in
497 1118 721 1190 matrimonii
738 1121 883 1193 foedere
900 1123 1063 1193 ineundo
1080 1123 1329 1195 conditionem
1347 1131 1539 1214 apponunt
1553 1124 1653 1194 illius
1669 1123 1892 1194 substantiae
1968 1103 1970 1110 ⁵

404 1268 422 1305 «
439 1243 669 1330 contrariam,
694 1246 939 1316 certissimum
955 1252 1011 1318 est
1027 1254 1284 1337 argumentum
1300 1270 1534 1339 nequaquam
1551 1237 1615 1322 eos
1631 1250 1669 1318 in
1684 1249 1759 1319 veri
1776 1247 1894 1319 matri·

402 1392 422 1430 <
439 1367 554 1437 monii
578 1375 805 1441 contractum
830 1372 1069 1444 consentire...
1095 1372 1205 1458 Quod
1221 1374 1252 1444 si
1268 1395 1443 1463 expressa
1458 1374 1521 1445 illa
1536 1373 1698 1446 conditio
1714 1374 1760 1444 de
1776 1373 1893 1442 matri-

403 1520 422 1576 Ι«ι
439 1496 564 1565 monio
589 1496 636 1565 ob
660 1497 878 1567 adulterium
898 1497 1134 1569 dissolvendo
1158 1498 1308 1569 minime
1327 1499 1497 1588 apposita
1512 1499 1632 1584 fuerit,
1649 1498 1894 1588 quamtumvis

403 1619 698 1690 «contrahentes
722 1620 760 1690 in
783 1642 827 1692 eo
851 1622 987 1692 luerint
1010 1644 1132 1693 errore
1155 1629 1197 1693 ut
1220 1624 1444 1694 matrimonii
1459 1624 1647 1694 vinculum
1671 1645 1737 1712 per
1759 1623 1895 1694 adulte-

404 1742 533 1814 «rium
565 1745 717 1816 dissolvi
751 1747 878 1835 possit,
909 1747 1152 1818 nibilominus
1186 1749 1290 1820 locus
1326 1755 1382 1820 est
1411 1749 1702 1839 praesumptioni
1736 1755 1780 1818 ut
1810 1749 1894 1818 dum

404 1895 422 1931 «
440 1868 724 1956 matrimonium,
747 1872 869 1959 prouti
894 1892 917 1940 a
941 1870 1087 1942 Christo
1119 1872 1328 1943 institutum
1352 1873 1431 1959 fuit,
1454 1873 1547 1943 inire
1570 1873 1783 1959 voluerunt,
1809 1873 1897 1943 illud

404 2017 422 2054 «
439 1991 590 2062 omnino
614 1997 843 2082 perpetuum,
860 2015 902 2064 ac
919 1995 1184 2066 interveniente
1201 1995 1311 2067 etiam
1328 1997 1519 2082 adulterio,
1544 1996 1801 2067 indissolubile
1817 2017 1898 2066 con·

403 2143 422 2178 <
438 2115 582 2188 trahere
607 2117 808 2188 voluerint:
832 2119 1067 2206 praevalente
1084 2119 1257 2190 nimirum
1281 2121 1450 2211 generali,
1468 2142 1578 2211 quam
1596 2120 1757 2190 diximus
1772 2119 1901 2189 volun-

403 2269 422 2304 «
438 2245 514 2313 tate
537 2243 583 2313 de
608 2244 841 2314 matrimonio
864 2244 968 2315 iuxta
991 2245 1126 2316 Christi
1151 2245 1361 2316 institutum
1385 2246 1559 2331 ineundo,
1583 2265 1699 2334 eaque
1716 2245 1899 2334 privatum

403 2394 422 2431 a
439 2367 541 2438 illum
566 2389 725 2439 errorem
749 2369 992 2456 absorbente;
1024 2390 1098 2459 quo
1130 2370 1171 2441 fit
1201 2376 1244 2446 ut
1275 2371 1549 2442 matrimonium
1579 2371 1630 2440 ita
1658 2375 1899 2454 contractum,

402 2518 422 2556 a
438 2493 599 2563 validum
624 2493 843 2584 firmumque
867 2501 1046 2565 maneat...
1070 2494 1282 2566 Doctrinam
1302 2495 1399 2566 hane
1415 2500 1542 2566 secuta
1557 2502 1613 2566 est
1628 2517 1774 2584 semper
1790 2500 1900 2584 atque

404 2643 423 2678 «
439 2621 651 2688 constanter
675 2618 919 2709 Congregatio
938 2619 973 2688 S.
988 2618 1117 2704 Officii,
1133 2619 1279 2709 quoties
1295 2620 1328 2690 ei
1344 2620 1592 2690 examinanda
1605 2641 1646 2690 se
1662 2619 1799 2690 obtulit
1813 2617 1903 2689 vali-

404 2742 537 2813 «ditas
560 2743 785 2813 matrimonii
808 2744 866 2813 vel
897 2743 991 2814 inter
1018 2744 1114 2814 duos
1146 2743 1383 2830 CalvinistaS‚
1406 2745 1464 2816 vel
1490 2745 1585 2814 inter
1609 2744 1843 2815 Catholicum
1867 2748 1903 2813 et

404 2895 422 2932 «
441 2866 678 2938 Calvinistam
704 2869 899 2952 eontracti3
924 2889 1005 2938 cum
1025 2869 1162 2939 scilicet
1178 2869 1236 2938 vel
1251 2870 1361 2940 ambo
1378 2871 1563 2960 coniuges,
1578 2870 1638 2939 vel
1653 2869 1745 2940 alter
1760 2889 1902 2952 eorum,

403 3021 422 3056 «
438 2992 477 3062 in
501 3015 546 3063 ee
564 2993 740 3082 opinione
772 2999 979 3064 versaretur
1009 3000 1052 3063 ut
1084 2993 1305 3064 matrimonii
1336 2993 1535 3080 vinculum,
1559 2993 1728 3065 adulterii
1755 3014 1903 3078 caussa,

402 3146 422 3183 ι
439 3119 718 3190 dissolvendum
752 3121 855 3192 toret.
888 3119 944 3190 lta
976 3119 1158 3210 colligitur
1187 3142 1210 3190 a
1240 3121 1479 3209 responsione
1514 3121 1602 3191 data
1636 3121 1683 3192 ad
1713 3119 1902 3191 Dubium:

402 3271 422 3308 ι
439 3250 459 3282 “
476 3244 534 3314 An
557 3244 719 3315 validum
744 3244 793 3316 sit
815 3244 1092 3316 matrimonium
1120 3250 1345 3317 contractum
1371 3246 1467 3316 inter
1489 3245 1709 3316 catholicum
1741 3252 1781 3316 et
1809 3245 1905 3317 schi-

402 3396 422 3434 <
439 3369 634 3441 smaticum
657 3371 883 3442 haereticum
907 3393 990 3443 eum
1015 3371 1216 3442 intentione
1240 3370 1413 3441 foedandi
1437 3371 1495 3440 vel
1518 3371 1686 3441 solvendi
1714 3371 1906 3441 matrimo-

404 3523 422 3558 «
440 3495 619 3581 niuml”,
640 3495 698 3566 die
722 3497 743 3565 b
767 3495 928 3566 octobris
954 3497 1041 3566 1680
1064 3497 1116 3567 ita
1137 3496 1363 3567 resolutum:
1388 3495 1465 3566 “Si
1488 3495 1559 3566 ista
1582 3495 1740 3566 deducta
1765 3495 1904 3566 sintin

404 3647 422 3682 «
438 3625 605 3708 paetum,¹
615 3641 681 3691 seu
697 3641 780 3691 curn
797 3619 869 3691 ista
884 3621 1095 3692 conditione
1115 3622 1191 3692 sint
1206 3626 1393 3692 eontracta
1415 3620 1662 3706 matrimonia,
1677 3625 1767 3691 sunt
1782 3621 1904 3704 nulla;

404 3774 422 3810 «
438 3745 496 3817 sin
519 3745 639 3832 aliter,
662 3752 750 3816 sunt
772 3746 896 3815 valide
911 3746 932 3774 ’'
950 3775 979 3815 ».
1005 3746 1108 3817 Coni.
1132 3747 1220 3816 item
1248 3745 1409 3835 Pirhing,
1432 3747 1506 3816 Iao.
1530 3767 1656 3816 cenom
1683 3749 1704 3814 l.
1727 3747 1795 3832 IV,
1824 3751 1847 3814 t.
1872 3751 1903 3830 1,

401 3893 437 3940 n.
464 3876 516 3955 74,
541 3876 578 3941 et
600 3870 723 3942 Litter.
748 3871 803 3940 Pii
828 3871 893 3960 Pp.
917 3871 976 3957 Vl,
999 3872 1048 3941 ad
1071 3870 1240 3959 Archiep.
1265 3871 1416 3957 Propon.
1444 3873 1517 3938 dici
1540 3877 1582 3940 11
1604 3873 1693 3940 iulii
1722 3875 1840 3954 1789;
1871 3873 1907 3938 et

404 3995 440 4066 S.
463 3997 506 4066 R.
531 3997 628 4066 Rota
650 3996 688 4066 in
711 4018 788 4067 una
809 3999 1227 4083 Monesen-macarem.
1251 3999 1325 4064 diei
1346 4000 1392 4064 24
1416 4000 1500 4065 iulia·
1522 4001 1620 4081 1909,
1645 4016 1675 4066 c.
1700 3995 1806 4066 Mori.

492 4121 658 4191 lamvero
677 4121 825 4191 adducti
843 4125 957 4190 testes
972 4120 1134 4190 referunt
1149 4140 1231 4190 eam
1247 4118 1362 4189 luisse
1379 4118 1506 4189 Annae
1522 4118 1751 4189 voluntatem
1770 4139 1907 4208 nempe

403 4243 615 4316 discedendi
639 4265 660 4314 a
684 4244 762 4314 viro
787 4244 818 4314 si
841 4244 902 4315 hic
924 4243 1056 4314 luisset
1078 4242 1247 4329 infidelis
1264 4243 1364 4332 quod
1383 4243 1453 4312 sibi
1477 4243 1672 4333 arrogabat
1687 4243 1757 4327 ius,
1774 4249 1906 4333 utpote

404 4373 524 4440 sectae
559 4368 789 4458 evangelicae
825 4368 1003 4438 addictae.
1040 4369 1122 4458 Ipse
1157 4367 1303 4438 libellus
1330 4369 1494 4457 supplex
1518 4368 1625 4456 -qui
1656 4389 1730 4437 non
1756 4388 1907 4456 semper

402 4493 601 4584 genuinam
621 4494 801 4563 tactorum
828 4493 1019 4563 veritatem
1044 4492 1250 4582 significare
1275 4483 1391 4579 solet,¹
1404 4493 1541 4582 quippe
1565 4493 1612 4562 ab
1637 4491 1843 4577 Advocato,
1859 4491 1907 4562 ad

404 4618 642 4689 evincendam
665 4617 894 4706 propositam
919 4617 1112 4701 actionem,
1129 4615 1246 4707 magis
1262 4638 1374 4706 quam
1390 4618 1437 4687 ab
1454 4618 1586 4687 Actore
1609 4615 1847 4704 conscriptus
1871 4621 1907 4686 et

403 4743 474 4814 hae
497 4743 660 4832 praecise
684 4744 729 4813 de
753 4764 886 4813 caussa
909 4743 1056 4812 iubetur
1079 4743 1117 4811 in
1140 4765 1218 4828 cop.
1243 4749 1287 4812 14
1309 4744 1361 4810 De
1379 4745 1509 4812 indic:
1535 4771 1553 4806 «
1572 4741 1781 4813 Statuimus
1807 4762 1908 4831 prae·

405 4897 424 4932 «
440 4873 541 4938 terea
555 4871 597 4939 ut
612 4867 833 4957 principales
849 4888 1028 4956 personae
1045 4889 1120 4937 non
1135 4889 1201 4956 per
1216 4868 1416 4938 advocatos
1432 4867 1498 4937 sed
1513 4887 1578 4955 per
1601 4867 1743 4955 seipsas
1764 4867 1906 4936 factum

405 5021 424 5056 «
441 4997 683 5082 proponant»
710 5031 729 5043 -
753 4991 843 5079 ipse,
867 4991 1030 5080 inquam,
1054 4991 1208 5080 supplex
1232 4990 1378 5061 libellus
1402 4990 1497 5059 hanc
1520 4989 1729 5078 explicitam
1754 4989 1909 5059 exbibet

404 5117 584 5188 nullitatis
607 5116 805 5187 rationem:
832 5145 849 5179 «
868 5117 898 5185 N
902 5116 936 5186 oi
961 5116 1133 5186 abbiamo
1151 5120 1282 5204 questo
1299 5114 1493 5205 vantaggio
1513 5136 1624 5203 sopra
1646 5113 1683 5184 di
1707 5115 1770 5184 voi
1796 5117 1908 5186 catto

405 5270 425 5307 ι
441 5243 511 5327 lici,
535 5242 572 5312 di
596 5241 734 5330 poterci
758 5240 835 5311 eice
859 5241 1062 5312 rimaritare
1087 5241 1236 5329 quando
1253 5239 1435 5329 vogliamo
1449 5269 1479 5310 ».
1505 5240 1577 5310 Sed
1593 5239 1628 5309 in
1646 5238 1717 5308 hoc
1732 5238 1909 5309 consistit

405 5387 505 5438 error
520 5365 610 5437 iuris
626 5386 736 5454 quem
761 5365 833 5434 iam
857 5365 1133 5453 explicavimus,
1153 5385 1336 5453 quemque
1360 5385 1435 5434 non
1455 5364 1648 5435 excludere
1670 5363 1904 5433 voluntatem

404 5489 555 5561 ineundi
579 5488 854 5560 matrimonium
877 5489 981 5558 iuxta
1006 5487 1141 5558 Christi
1165 5487 1385 5573 institutum,
1402 5491 1438 5557 et
1452 5487 1540 5558 bine
1555 5486 1700 5556 firmum
1725 5487 1909 5558 validum·
