4120 6284
381 453 419 511 ab
692 455 769 509 Acta
787 454 976 522 Apostoltcae
996 451 1093 508 Sedis.
1113 479 1132 491 «-
1152 451 1411 507 Gommmturium
1433 452 1574 519 officiale.

382 637 528 707 diorum
552 657 700 706 cursum
726 656 810 704 cum
832 635 942 705 laude
966 633 1175 722 diligentiae
1199 634 1405 718 confecerit,
1430 635 1558 704 scitote
1582 635 1688 704 vobis
1712 655 1786 704 non
1810 634 1882 704 lici-

382 768 517 831 turum.
553 760 592 831 si
616 760 699 849 quis
734 780 839 842 vero,
866 758 1035 848 quamvis
1070 759 1164 828 bene
1198 764 1366 828 versatus
1401 759 1439 827 in
1474 759 1625 844 studiis,
1649 766 1772 828 tamen
1805 780 1884 828 non

382 886 583 955 admodum
608 883 759 974 integris
783 903 864 954 esse
881 883 1045 952 moribus
1060 883 1238 967 videatur,
1259 882 1357 951 hunc
1374 881 1523 952 initiarii
1547 883 1671 966 sacris,
1688 882 1757 971 ipsi
1782 883 1882 952 intel-

383 1009 495 1099 ligitis
518 1010 656 1100 grande
680 1008 785 1078 nefas
808 1008 895 1077 fore.
921 1006 1082 1076 Omnino
1107 1005 1204 1075 enim
1228 1012 1391 1094 praestat
1427 1007 1568 1076 nullum
1593 1006 1727 1076 alicubi
1751 1007 1881 1076 adesse

384 1134 611 1203 sacerdotem
645 1133 707 1221 qui
743 1152 868 1200 curam
903 1129 1109 1199 animarum
1144 1135 1263 1219 gerat,
1292 1151 1400 1219 quarn
1438 1130 1568 1200 adesse
1603 1130 1794 1215 eiusmodi,
1818 1128 1881 1218 qui

384 1257 479 1328 vitae
503 1256 740 1346 perversitate
764 1254 965 1338 offendens,
990 1260 1130 1342 pestem
1154 1275 1197 1323 ac
1219 1253 1417 1342 perniciem
1441 1254 1662 1325 christianae
1687 1255 1793 1343 plebi,
1816 1276 1882 1344 pro

385 1382 514 1465 salute,
538 1386 650 1469 paret.
675 1379 776 1448 Haec
811 1379 904 1462 Noe,
930 1398 1110 1447 memores
1146 1377 1361 1446 Nostrarum
1385 1379 1561 1467 partium,
1586 1380 1783 1449 admonere
1815 1400 1882 1448 vos

384 1505 592 1574 habuimus.
616 1503 858 1593 Relinquitur,
883 1508 925 1572 ut
946 1523 1024 1586 voe,
1048 1522 1143 1590 quae
1167 1501 1298 1572 videtis
1330 1523 1412 1572 esse
1438 1503 1547 1573 vestri
1571 1503 1690 1588 officii,
1715 1524 1759 1573 ea
1782 1503 1884 1572 navi·

384 1633 439 1699 ter
463 1627 726 1717 exsequamini.
752 1628 794 1697 ld
817 1632 939 1696 autem
954 1616 999 1695 ¹ut
1014 1647 1188 1715 prospere
1212 1627 1375 1711 eveniat,
1400 1627 1584 1716 auspicem
1608 1628 1721 1697 divini
1746 1628 1883 1713 auxilii,

386 1751 463 1836 tibi,
480 1751 707 1823 Venerabilis
731 1751 868 1835 Frater,
895 1751 969 1820 tuis
993 1750 1073 1820 istis
1098 1751 1134 1820 in
1160 1750 1375 1840 episcopatu
1396 1752 1554 1841 Collegis
1578 1757 1614 1823 et
1639 1752 1744 1822 Clero
1768 1773 1883 1840 popu-

385 1878 494 1966 loque
516 1883 639 1947 vestro
663 1877 902 1966 apostolicam
928 1874 1219 1945 benedictionem
1245 1876 1497 1947 amantissime
1521 1878 1759 1965 impertimus.

489 2002 623 2071 Datum
648 2003 788 2071 Romae
813 2001 912 2090 apud
936 2000 972 2069 S.
995 1999 1154 2083 Petrum,
1178 2000 1237 2069 die
1261 2021 1327 2069 vrn
1351 2002 1573 2086 Decembris,
1597 2001 1635 2070 in
1659 2003 1752 2071 festo
1777 2003 1819 2072 D.
1841 2003 1885 2071 N.

386 2125 520 2195 Mariae
544 2125 817 2210 Immaculatae,
842 2145 955 2208 ncux,
980 2123 1222 2194 Pontificatus
1246 2127 1368 2194 Nostri
1392 2147 1490 2196 anno
1515 2132 1655 2196 octavo.
1710 2099 1717 2114 ⁸

1000 2283 1108 2354 PIUS
1136 2284 1204 2354 ΡΡ.
1228 2285 1271 2353 X.

574 2780 760 2910 uldel
805 2781 1197 2908 CONGllllGllTlll
1240 2780 1697 2911 culustitanus

837 3187 1064 3257 PROVlSlO
1090 3187 1438 3258 ECCLESIARUM.

493 3346 720 3446 Successivis
732 3347 864 3417 Sacrae
876 3347 1462 3437 Congregationisconsistorialis
1475 3349 1630 3420 decretis
1639 3350 1779 3421 ssnus
1790 3352 1833 3422 D.
1844 3351 1886 3420 N.

391 3471 479 3542 Pius
503 3471 630 3562 Pan
655 3473 722 3542 has
746 3493 840 3561 quae
865 3477 1072 3560 sequuntur
1096 3473 1268 3543 ecclesias
1292 3474 1337 3542 de
1362 3473 1510 3561 proprio
1539 3482 1686 3562 pastore
1718 3476 1887 3563 providit,

389 3595 545 3666 scilicet:

495 3729 538 3790 11
560 3725 749 3792 decembris
773 3731 871 3792 1911.
885 3764 926 3773 —
941 3722 1150 3792 Cathedrali
1164 3724 1339 3794 ecclesiae
1357 3724 1567 3794 Sabariensi
1584 3727 1757 3814 praefecit
1769 3747 1888 3796 sacer-

389 3844 510 3912 dotem
540 3844 712 3914 loannem
743 3867 762 3915 e
794 3845 990 3915 comitibus
1022 3846 1153 3930 Miles,
1178 3846 1357 3917 dioecesis
1381 3846 1737 3933 Transylvaniensis,
1762 3848 1887 3938 ibique

390 3967 591 4056 parochum
605 3973 642 4037 et
654 3968 949 4039 archidiaconum
964 3970 1156 4040 foraneum
1173 3970 1348 4041 ecclesiae
1365 3970 1524 4040 civitatis
1538 3973 1886 4061 Szdbelyudvarbely.

495 4098 539 4162 16
568 4095 766 4162 decembris.
780 4135 823 4144 -
838 4093 1047 4164 Cathedrali
1070 4095 1244 4165 ecelesiae
1270 4095 1615 4183 Armenopolitanae
1638 4118 1704 4166 seu
1722 4096 1889 4167 Szamos·

389 4215 617 4305 Ujvariensis
635 4219 885 4287 Rumenorum
902 4219 994 4288 ritus
1011 4218 1539 4304 Graecocamolictnevnum
1559 4221 1733 4290 Basilium
1751 4222 1888 4308 Hossu,

390 4343 570 4410 hactenus
593 4342 815 4429 Episcopum
841 4342 1102 4430 Sugosiensem
1127 4345 1389 4413 Rumenorum.

494 4473 539 4534 20
562 4468 759 4546 decembris.
790 4509 828 4516 —
845 4467 1128 4536 cathedralibus
1152 4468 1316 4538 ecclesiis
1341 4469 1574 4539 Recinetensi
1601 4476 1638 4540 et
1661 4471 1888 4542 Lauretanae

391 4591 570 4660 Revmum
597 4591 827 4678 Alphonsum
853 4591 1037 4676 Andreoli,
1061 4593 1243 4664 hactenus
1266 4593 1491 4682 Episcopum
1514 4594 1764 4666 Feretranum.
1847 4689 1849 4693 Ι

494 4720 539 4784 30
562 4716 761 4784 decembris.
786 4756 827 4765 —
845 4716 1054 4785 cathedrali
1071 4717 1245 4787 ecclesiae
1260 4717 1295 4788 S.
1315 4718 1465 4788 loannis
1482 4719 1527 4788 de
1541 4720 1642 4805 Cuyo
1659 4721 1887 4791 sacerdotem

393 4838 590 4927 losephum
606 4838 811 4907 Americum
831 4839 962 4924 Orzali,
980 4840 1261 4912 archidioecesis
1279 4843 1536 4919 Bonabrensis,
1551 4845 1750 4930 parochum
1777 4844 1812 4914 S.
1826 4845 1889 4914 lli·

390 4963 529 5032 chaelis
555 4963 770 5052 Archangeli
795 4964 832 5033 in
857 4963 1005 5035 civitate
1031 4945 1268 5036 Bonabrensi.

496 5125 539 5136 —
564 5086 773 5156 Cathedrali
804 5087 979 5157 ecclesiae
1011 5089 1169 5179 Lojanae
1201 5091 1429 5162 sacerdotem
1463 5090 1636 5162 Carolum
1668 5093 1820 5162 Mariam
1844 5094 1889 5164 de

392 5212 428 5280 la
452 5210 574 5296 Torre,
591 5210 873 5281 archidioecesis
891 5211 1091 5297 Qnitensis‚
1108 5213 1233 5302 ibique
1249 5215 1468 5285 canonicum
1484 5215 1697 5304 theologum
1714 5216 1890 5287 ecclesiae

395 5335 708 5424 metropolitanae.
768 5385 771 5390 ,

1021 5489 1259 5498 ———-...—
