4038 6274
721 487 752 542 S.
773 487 912 542 Romana
932 487 1016 542 Rota.
1568 485 1620 542 125

129 668 189 737 cilii
212 669 269 738 uti
292 669 333 739 in
357 673 524 740 Romarm
551 693 618 742 seu
647 673 872 743 Auatmcna.
904 674 1102 742 Sabotdtor.
1133 675 1312 741 dotalium
1341 673 1400 742 die
1429 673 1451 742 6
1474 673 1620 744 Decem·

129 793 193 863 bris
219 795 413 887 18ming
437 819 509 884 qua
535 799 708 867 obtinente
710 851 762 868 .....
795 797 866 867 ibi:
901 825 919 861 «
938 796 1135 868 Clausulae
1161 801 1257 867 aeria
1279 800 1510 868 eetatenttbaa
1532 821 1618 868 aar·

129 924 304 990 «retia...
339 923 489 990 arbitrio
521 927 552 990 et
586 927 800 992 mnacteotta
803 975 855 992 .....
895 927 982 992 sunt
1016 922 1318 992 conventionales
1356 921 1535 991 formulae
1571 923 1619 991 ob

130 1047 400 1117 «reverentiam
424 1047 462 1117 in
485 1053 727 1132 executorem,
750 1069 827 1118 non
850 1047 1114 1118 substantiales
1137 1067 1181 1117 aa
1204 1045 1421 1118 intrinsecae
1446 1047 1620 1117 conditio·

128 1190 239 1240 ‹nesz
263 1176 454 1259 ponuntur
476 1171 574 1242 enim
594 1172 650 1242 vel
674 1194 720 1242 ne
744 1171 860 1243 inscio
878 1171 1074 1243 Ordinario
1098 1171 1215 1261 gratia
1238 1171 1414 1241 sortiatur
1437 1172 1619 1254 ellectum,

128 1295 213 1364 «vel
237 1317 284 1365 ne
308 1295 420 1366 modo
442 1317 573 1385 parum
597 1297 739 1368 decenti
756 1297 922 1368 executio
940 1297 1009 1385 ipsi
1026 1296 1255 1386 iniungatur;
1273 1302 1309 1366 et
1332 1296 1479 1385 quidem
1506 1297 1620 1366 diver·

128 1418 298 1489 «simodo
323 1421 544 1491 adhibentur
567 1443 633 1510 pro
657 1443 899 1511 personarum
924 1421 1184 1491 diversitate».

224 1544 267 1612 In
291 1544 371 1615 iure
393 1552 517 1616 autem
543 1547 731 1636 vulgatum
755 1552 828 1631 est,
853 1547 1107 1617 executionem
1132 1546 1295 1616 mandati
1318 1545 1458 1616 nullam
1483 1567 1564 1616 esse
1588 1545 1619 1615 si

127 1667 309 1758 delegatus
333 1669 372 1739 in
395 1691 439 1740 ca
461 1670 630 1740 facienda
653 1671 745 1741 fines
770 1671 934 1741 mandati
958 1671 1124 1741 excessit.
1151 1698 1169 1734 e
1187 1671 1280 1740 Nam
1304 1669 1367 1758 qui
1390 1671 1557 1755 excessit,
1570 1669 1621 1740 ait

127 1819 143 1852 ‹
157 1792 409 1879 Reiffenstuel,
425 1797 488 1864 lus
511 1817 601 1880 can,
630 1797 686 1864 ab.
704 1803 735 1880 1,
760 1799 811 1864 ttt.
828 1801 883 1881 29,
908 1795 975 1886 55,
1000 1795 1248 1880 a.101‚aliud
1271 1794 1360 1884 quid
1383 1796 1500 1865 lacere
1523 1795 1620 1864 vide-

128 1924 217 1987 «tur
239 1919 262 1987 l.
286 1921 475 2006 dttipenter
497 1919 533 1989 ff.
550 1923 727 2005 mandati,
753 1919 878 2009 sicque
902 1925 1007 1990 actus
1031 1925 1087 1990 est
1111 1920 1235 1989 nullus
1260 1919 1290 1989 si
1314 1921 1433 1989 forma
1456 1920 1620 1990 mandati

129 2043 281 2130 «quoad
304 2044 444 2134 aliquid
467 2045 709 2115 substantiale
726 2066 802 2115 non
818 2045 1076 2115 observetur».
1101 2045 1278 2115 Executio
1295 2045 1391 2115 lacta
1407 2051 1535 2115 contra
1551 2047 1621 2114 for·

128 2187 218 2234 mam
244 2166 409 2237 mandati
431 2168 643 2237 nullatenus
667 2168 806 2238 attendi
829 2169 950 2252 debet,
970 2168 1067 2237 Rota
1089 2189 1213 2238 coram
1237 2168 1453 2252 Benincasa,
1477 2171 1547 2237 dec.
1565 2174 1617 2246 18,

129 2311 158 2355 a.
182 2295 244 2357 15:
267 2290 378 2378 idque
402 2290 622 2361 loculentius
646 2292 819 2362 edocetur
843 2291 881 2360 in
904 2313 982 2377 cop.
998 2297 1052 2376 22,
1079 2294 1122 2360 de
1144 2295 1303 2378 rescript.
1320 2292 1384 2361 ubi
1408 2297 1511 2361 actus
1536 2313 1620 2362 con-

129 2416 177 2480 tra
199 2413 356 2482 sormam
381 2414 545 2484 mandati
568 2415 693 2484 emissi
727 2414 895 2485 nullitate
918 2415 1086 2484 laborare
1118 2414 1360 2498 declarantur,
1383 2415 1483 2504 quod
1510 2422 1621 2503 caput

131 2537 192 2606 late
210 2543 479 2609 commentatur
496 2539 661 2609 Barbosa
677 2540 715 2609 in
732 2541 810 2610 suis
826 2543 1045 2608 coltectmmts
1061 2540 1259 2608 Doctorum.

226 2663 352 2752 Neque
368 2665 453 2734 Rriri
470 2665 597 2735 Patres
620 2664 706 2734 item
731 2663 923 2734 admittere
947 2669 1156 2752 potuerunt,
1172 2669 1283 2752 prout
1303 2665 1491 2734 contendit
1509 2667 1621 2735 adve

130 2794 226 2857 catus
249 2789 422 2858 defensor
445 2810 490 2858 ex
514 2789 632 2860 officio
657 2790 772 2859 curati
796 2788 988 2860 oeconomi
1013 2787 1250 2874 Marcentoni,
1278 2790 1378 2878 quod
1401 2789 1439 2859 in
1463 2790 1620 2860 incrimi-

131 2919 210 2981 nato
233 2913 379 2983 decreto
403 2913 613 2984 executorio
637 2913 808 3002 Episcopi
833 2912 973 2983 Aretini
998 2917 1144 2982 servata
1176 2912 1286 2982 fuerit
1308 2913 1426 2984 torma
1454 2915 1621 3002 rescripti

134 3035 322 3123 apostolici
347 3039 477 3108 saltem
500 3037 539 3108 in
554 3038 870 3122 substantialibus,
886 3038 943 3107 vel
964 3037 1116 3126 impleta
1139 3037 1246 3107 fuerit
1270 3059 1334 3125 per
1358 3038 1619 3127 aequipollens.

135 3159 230 3231 Falso
253 3163 350 3231 enim
375 3162 586 3232 obtruditur
608 3162 709 3252 quod
732 3163 878 3233 decreta
901 3163 1096 3233 subventio
1122 3167 1186 3233 aut
1202 3163 1330 3252 pensio
1354 3185 1559 3233 annuarum
1585 3163 1621 3232 li-

136 3283 207 3354 bell.
231 3286 296 3355 100
328 3286 553 3374 imponenda
587 3307 698 3375 super
731 3286 936 3357 redditibus
970 3285 1161 3375 paroeciae
1196 3287 1267 3358 loci
1299 3287 1480 3376 Bagnoro,
1503 3288 1617 3357 vicem

136 3427 243 3494 gerere
265 3410 385 3500 possit
409 3410 585 3480 cessionis
601 3411 659 3480 vel
683 3410 831 3480 unionis
854 3410 995 3481 reditus
1018 3413 1180 3481 taxative
1204 3411 1418 3482 resultantis
1442 3433 1486 3481 ex
1510 3413 1621 3482 admi-

136 3531 337 3630 nistratione
361 3533 624 3605 beneficiorum
647 3535 857 3606 vacantium
877 3534 1047 3605 Centeni:
1072 3535 1190 3624 primo
1214 3557 1280 3624 per
1295 3535 1512 3623 rescriptum
1530 3538 1621 3624 Apo-

137 3658 289 3729 stolicum
327 3681 415 3730 vera
457 3659 596 3730 reditus
637 3660 913 3731 dismembratio
949 3661 989 3729 lit
1016 3662 1141 3730 favore
1177 3661 1395 3731 enunciatae
1430 3662 1620 3749 paroeciae

137 3779 306 3867 Saccione,
330 3784 419 3854 dum
443 3783 546 3853 iuxta
569 3786 754 3855 decretum
779 3784 1025 3854 executoriale
1055 3784 1147 3854 haec
1169 3785 1291 3854 locum
1315 3807 1390 3854 non
1414 3784 1526 3854 habet
1556 3787 1620 3856 sed

136 3907 264 3977 lantum
287 3915 329 3978 ut.
352 3930 449 3978 onus
472 3913 637 3978 remanet
657 3929 726 3996 pro
750 3907 920 3996 paroecia
944 3908 1139 3996 plebanali.
1165 3907 1238 3977 Sed
1262 3909 1423 3978 secundo
1448 3908 1621 3996 imposita

134 4033 249 4115 pensio
272 4033 311 4102 in
334 4033 512 4103 damnum
535 4033 652 4122 vergit
675 4031 867 4121 paroeciae
890 4031 962 4102 loci
987 4032 1168 4122 Bagnoro,
1188 4053 1284 4121 quae
1307 4033 1409 4102 iuxta
1433 4033 1617 4104 decretum

131 4157 363 4227 executoriale
387 4147 587 4246 quotannis
611 4157 755 4226 libellas
782 4157 845 4226 100
868 4157 1011 4227 solvere
1039 4162 1238 4246 cogeretur,
1264 4157 1351 4227 durn
1376 4179 1396 4226 e
1420 4164 1548 4227 contra
1571 4179 1621 4228 re·

132 4277 222 4350 ditus
243 4303 286 4351 ex
309 4281 508 4370 praedictis
532 4281 774 4365 oeconomiis,
797 4285 925 4368 utpote
960 4280 1156 4350 investitus
1180 4279 1218 4348 in
1242 4281 1387 4350 schedis
1423 4281 1535 4350 debiti
1559 4302 1620 4370 pu·

131 4401 216 4488 blici,
239 4406 285 4474 ob
309 4411 548 4494 augmentum
583 4409 754 4474 taxarum
778 4403 880 4473 illum
905 4404 1210 4496 percutientium,
1235 4406 1418 4475 eventuali
1453 4406 1620 4476 imminu·

129 4527 213 4596 tioni
235 4529 365 4600 subiici
400 4535 532 4618 potest,
557 4535 593 4598 et
617 4530 668 4600 ita
692 4551 839 4601 summa
872 4530 1049 4600 solvenda
1083 4530 1209 4600 reduci
1232 4534 1365 4618 potest,
1391 4538 1430 4600 ut
1454 4533 1499 4602 dc
1523 4534 1619 4602 lacto

128 4649 193 4720 luit
213 4655 361 4724 reducta
385 4659 422 4723 et
444 4654 545 4726 brevi
581 4655 732 4725 alteram
759 4655 899 4726 subibit
921 4656 1172 4726 reductionem
1197 4655 1245 4725 ob
1269 4661 1418 4726 auctum
1441 4657 1618 4726 tributum

127 4775 231 4866 vulgo
252 4783 291 4846 di
312 4781 490 4848 muzae
518 4781 653 4850 ambite.
678 4780 774 4870 Ergo
799 4781 870 4850 dici
894 4781 1022 4870 nequit
1055 4781 1209 4850 formam
1234 4780 1401 4869 rescripti
1437 4787 1619 4851 servatam

127 4899 242 4972 luisse.
268 4903 389 4988 Quare
414 4902 474 4972 hic
498 4903 673 4991 applicari
697 4904 806 4974 debet
828 4906 926 4994 quod
961 4906 1068 4975 docet
1092 4904 1269 4989 Barbosa,
1296 4908 1317 4973 t.
1342 4927 1368 4974 c.
1392 4909 1434 4973 tn
1457 4907 1621 4975 Summa·

129 5027 182 5093 rio
203 5033 277 5098 teat.
301 5027 352 5096 ibi
383 5029 527 5119 (contra
549 5029 736 5116 formamt:
765 5030 957 5098 «Notatur
980 5030 1027 5099 ad
1050 5029 1121 5099 hoc
1153 5028 1254 5118 quod
1276 5050 1473 5118 processus
1498 5021 1620 5100 lactus

132 5175 149 5204 ‹
165 5158 284 5222 conua
316 5153 475 5223 formam
498 5153 675 5241 rescripti,
700 5155 810 5224 etiam
834 5153 872 5223 in
896 5154 1060 5239 minimo,
1085 5153 1248 5224 irritatur
1271 5176 1315 5224 ex
1341 5155 1474 5244 Tiraq,
1499 5159 1549 5223 De
1571 5179 1621 5225 re-

135 5299 151 5330 «
166 5276 273 5344 tractu
296 5281 366 5366 ltp,
394 5277 415 5368 5
439 5284 470 5361 1,
493 5279 614 5364 plocen
636 5283 691 5362 22,
717 5280 974 5365 Oaputaquao,
998 5281 1067 5348 dec.
1090 5283 1165 5363 143,
1190 5301 1289 5348 num.
1306 5285 1338 5363 5,
1357 5303 1396 5366 p.
1413 5286 1445 5364 2,
1469 5301 1535 5350 rac.
1559 5283 1620 5350 abt

135 5423 151 5456 ‹
166 5419 197 5467 o.
217 5406 246 5488 2,
270 5405 370 5492 quod
395 5401 562 5490 rescripti
585 5404 705 5473 forma
730 5404 839 5474 debet
862 5404 1025 5493 praecise
1050 5409 1087 5474 et
1109 5405 1367 5493 punctualiter,
1391 5427 1466 5476 non
1495 5411 1618 5474 autern

16 5551 17 5554 ’
134 5548 151 5581 ⁴
167 5543 223 5609 per
244 5526 499 5617 aequipollens
522 5527 712 5615 impleri».
