4038 6274
379 395 432 454 100
698 401 776 455 Aeto
794 399 983 468 apostolicae
1002 397 1099 454 Sedis.
1119 426 1138 438 -
1158 398 1419 456 Oummentcrtum
1440 401 1580 468 officiale.

482 584 585 670 Quae
601 585 674 654 huc
689 605 807 672 usque
832 583 1027 654 scribendo
1052 583 1266 671 persequuti
1291 606 1422 655 sumus
1443 585 1482 654 in
1502 590 1630 674 aperto
1653 592 1807 675 ponunt,
1825 587 1880 657 di-

376 710 468 779 lecte
485 708 553 778 Fili
570 708 713 793 Noster,
729 707 901 777 laudatae
925 705 1128 777 catholicae
1145 706 1365 777 Academiae
1381 707 1616 778 incrementis
1641 709 1716 779 Nos
1732 691 1880 780 sumina

352 834 536 922 quadam
560 832 751 902 voluntate
775 831 934 901 studere.
959 831 1071 900 Plane
1096 830 1193 901 enim
1218 831 1457 922 intelligimus
1481 838 1661 921 quantum
1689 834 1737 904 ad
1756 835 1879 905 catho-

376 959 484 1028 licam
514 957 721 1028 doctrinam
748 957 972 1047 vulgandam
1003 956 1295 1042 defendendam,
1319 958 1368 1026 ad
1402 957 1679 1045 provehendam
1712 959 1878 1048 gentium
1944 941 1947 949 ¹

376 1082 642 1153 humanitatem
675 1081 793 1171 possit
816 1081 998 1152 catholica
1021 1081 1230 1154 studiorum
1245 1081 1476 1152 Universitas
1502 1103 1598 1172 quae
1614 1083 1760 1172 quidem
1787 1085 1881 1155 cele-

377 1209 509 1278 britate
533 1212 643 1297 atque
667 1206 885 1277 auctoritate
909 1205 1047 1276 floreat.
1069 1205 1178 1276 Tueri
1202 1205 1313 1295 igitur
1336 1206 1457 1295 ipsam
1481 1211 1516 1276 et
1540 1208 1760 1295 provehere,
1779 1208 1879 1279 idem

378 1353 529 1420 prorsus
553 1352 635 1402 esse
668 1330 838 1401 videmus
873 1349 915 1400 ac
945 1329 1138 1418 perutilem
1173 1330 1261 1400 dare
1292 1351 1443 1419 operam
1478 1351 1562 1401 cnm
1585 1332 1773 1422 religioni,
1795 1339 1878 1404 tum

288 1537 293 1544 Ι
377 1456 526 1526 civitati.

481 1583 631 1669 Auspex
655 1578 862 1649 divinorum
888 1599 1083 1649 munerum
1107 1579 1335 1668 Nostraeque
1359 1579 1464 1649 testis
1488 1580 1765 1652 benevolentiae
1785 1582 1881 1671 Apo-

378 1705 507 1776 stolica
530 1706 578 1775 sit
594 1704 806 1775 Benedictio
830 1726 942 1794 quam
966 1703 1042 1790 tibi,
1060 1705 1190 1775 dilecte
1210 1704 1278 1774 Fili
1303 1705 1446 1791 Noster,
1471 1707 1628 1792 Rectori,
1644 1706 1879 1793 DoctoribuS,

377 1829 537 1901 alumnis
561 1829 911 1920 Washingtonianae
935 1828 1195 1899 Universitatis
1218 1830 1471 1900 amantissime
1495 1830 1533 1900 in
1556 1832 1714 1903 Domino
1750 1833 1882 1922 imper·

377 1956 500 2025 timus.

481 2080 616 2150 Datum
641 2080 781 2150 Romae
804 2080 904 2167 apud
928 2079 1105 2148 Sanctum
1130 2077 1280 2148 Petrum
1303 2080 1341 2151 in
1364 2081 1554 2168 praeludio
1577 2080 1650 2152 diei
1673 2102 1798 2152 sacrae
1824 2083 1881 2152 ln-

377 2205 468 2275 fanti
493 2205 570 2276 Deo
594 2226 617 2274 a
639 2203 758 2274 tribus
782 2203 1018 2293 Sapientibus
1053 2204 1226 2289 adorato,
1257 2225 1355 2273 anuo
1387 2206 1785 2292 ucnx11,Pontilicatus
1810 2207 1883 2277 No-

378 2330 444 2400 stri
467 2351 577 2400 non0.

992 2417 1100 2488 PIUS
1126 2415 1195 2486 ΡΡ.
1220 2417 1263 2488 X.

1102 2757 1155 2839 ΙΙ.

378 2941 426 2990 ΑΙ)
456 2938 603 2988 LEONNM
626 2938 660 2986 A.
688 2937 791 2986 CARD.
815 2938 978 3001 AMllT'l'E,
1004 2935 1259 2986 Panrsmrvslum
1298 2891 1633 3003 Ancfflsrlscoruu,
1657 2939 1703 2986 Dll
1734 2937 1880 2987 ALTERO

481 3060 784 3112 csrscfflsranum
807 3061 854 3109 EX
877 3059 972 3109 TOTA
997 3059 1129 3109 erema
1154 3059 1344 3110 CONVNNTU
1369 3059 1522 3108 PARISIIS
1545 3059 1726 3110 HABENDO.

481 3222 619 3292 Dilecte
635 3220 704 3289 Fili
728 3220 872 3303 Noster,
895 3217 1052 3287 salutem
1076 3222 1112 3286 et
1135 3217 1374 3305 apostolicam
1399 3217 1702 3288 benedictionem.
1718 3218 1879 3290 —Alias

378 3350 465 3435 Nos,
490 3351 526 3418 et
549 3347 696 3437 quidem
720 3345 888 3430 libenter,
912 3342 1185 3413 dilaudavimus
1198 3343 1302 3431 Opus
1322 3364 1346 3412 a
1362 3342 1614 3428 Catechismis,
1630 3345 1732 3433 quod
1747 3344 1878 3416 llorere

378 3474 477 3564 apud
500 3493 568 3542 vos
591 3471 821 3541 afferebatur.
848 3469 953 3538 Nunc
976 3471 1111 3552 autem,
1135 3489 1249 3557 quum
1274 3467 1444 3538 nuntium
1470 3469 1623 3538 allatum
1647 3475 1703 3538 est
1726 3469 1878 3540 alterius

380 3599 672 3670 Catechistarum
705 3617 750 3664 ex
779 3598 860 3663 tota
890 3593 1009 3663 Gallia
1039 3599 1244 3662 conventus
1268 3593 1449 3680 proxime,
1472 3598 1508 3662 te
1532 3593 1691 3682 auspice,
1708 3567 1709 3572 ἵ
1726 3595 1879 3665 Parisiis

378 3721 550 3807 habendi,
575 3719 847 3809 comperuimus
870 3738 1029 3807 quoque,
1054 3717 1262 3787 miserentis
1286 3717 1352 3786 Dei
1378 3717 1556 3788 beneficio
1573 3724 1610 3788 et
1625 3719 1878 3789 adnitentibus

378 3849 497 3932 bonis,
523 3845 633 3934 Operi
665 3845 767 3934 quod
797 3843 1090 3927 memoravimus,
1115 3863 1179 3912 eas
1210 3843 1326 3912 lactas
1358 3841 1472 3912 luisse
1501 3843 1740 3929 accessiones,
1764 3849 1806 3913 ut
1828 3845 1878 3913 ad

378 3971 622 4062 quadraginta
652 3967 767 4038 millia
798 3973 1038 4037 numerentur
1068 3966 1150 4055 piae
1182 3967 1340 4037 feminae
1371 3988 1467 4056 quac
1492 3967 1530 4036 in
1558 3968 1786 4038 instituenda
1807 3967 1878 4038 rite

377 4096 534 4187 pueritia
552 4094 691 4166 utiliter
705 4096 908 4163 versantur.
922 4093 988 4162 Est
1003 4091 1123 4181 igitur,
1137 4091 1266 4162 dilecte
1283 4091 1351 4162 l'ili
1365 4092 1507 4177 Noster,
1520 4114 1585 4163 cur
1599 4093 1760 4162 tributae
1774 4091 1878 4162 laudi

376 4220 642 4312 gratulationes
665 4219 869 4302 addamus;
893 4217 931 4285 id
955 4217 1055 4306 quod
1079 4216 1234 4288 facimus
1258 4237 1304 4286 ex
1327 4217 1463 4287 animo.
1481 4217 1563 4302 Quo
1580 4216 1782 4286 voluntatis
1806 4216 1879 4286 No-

377 4355 475 4418 strae
498 4344 709 4416 testimonio
733 4342 814 4431 pias
838 4342 985 4411 easdem
1011 4341 1168 4411 feminas
1192 4341 1352 4430 itemque
1369 4363 1498 4412 omnes
1514 4347 1698 4431 quotquot
1714 4341 1878 4412 saluber-

375 4473 456 4543 rimi
478 4472 608 4561 Operis
624 4469 859 4540 incrementis
875 4468 1035 4553 student,
1052 4466 1105 4537 sic
1120 4467 1214 4537 affici
1231 4466 1387 4536 velimus
1411 4473 1453 4536 ut
1473 4467 1649 4556 probatae
1666 4467 1877 4556 diligentiae

377 4597 580 4686 praemium
604 4593 674 4665 sibi
698 4592 870 4678 habeant,
891 4592 1130 4680 eiusdemque
1154 4590 1193 4660 in
1216 4596 1406 4679 posterum
1422 4592 1480 4660 vel
1498 4591 1647 4662 uberius
1663 4593 1876 4680 probandae

376 4728 584 4810 opportuna
600 4720 685 4789 inde
698 4717 845 4806 capiant
860 4717 1276 4787 incitamenta-Hanc
1291 4737 1378 4785 vero
1395 4721 1569 4803 paternae
1586 4716 1749 4788 caritatis
1765 4718 1878 4807 signi-

376 4845 585 4916 ficationem
609 4841 799 4913 confirmet
815 4842 1027 4928 Apostolica
1047 4839 1272 4924 Benedicti0,
1288 4861 1400 4928 quam
1417 4840 1591 4911 omnibus
1605 4840 1738 4930 Operis
1754 4842 1876 4927 sociiS,

376 4969 500 5060 pueris
523 4989 618 5058 quos
641 4968 825 5053 erudiunt,
837 4965 904 5036 tibi
922 4967 1082 5051 demum,
1095 4966 1224 5035 dilecte
1240 4963 1308 5034 Fili
1326 4966 1469 5049 Noster,
1485 4963 1525 5033 in
1540 4964 1747 5052 auspicium
1765 4967 1878 5037 caele-

377 5097 489 5166 stium
513 5115 719 5177 munerum,
745 5091 998 5162 amantissime
1022 5090 1264 5180 impertimus

478 5223 613 5291 Datum
641 5221 781 5289 Romae
805 5218 905 5306 apud
936 5218 971 5288 S.
996 5219 1155 5301 Petrum,
1182 5238 1253 5285 xxv
1279 5216 1441 5287 Ianuarii
1467 5237 1609 5323 nouxrr,
1635 5217 1879 5289 Pontificatus

376 5347 499 5418 Nostri
523 5367 622 5416 anno
646 5366 758 5414 nono.

993 5431 1101 5502 PIUS
1127 5433 1196 5502 ΡΡ.
1217 5432 1260 5500 X.
