4120 6284
432 443 468 501 72
748 448 826 502 Acta
844 445 1034 515 Apostoliaae
1053 445 1150 502 Sedis.
1170 473 1189 486 -
1209 445 1470 502 Commentarinm
1491 445 1632 512 officiale.

432 631 629 702 occurrerit
642 631 790 702 Festum
804 630 859 701 Ss.
877 630 1138 719 Apostolorum
1153 629 1250 700 Petri
1271 634 1308 699 et
1333 629 1449 713 Pauli,
1463 629 1501 698 in
1517 629 1560 698 ll.
1572 628 1744 716 Vesperis
1761 627 1816 698 Ss.
1830 629 1921 716 Apo-

431 738 611 808 stolorum
634 737 675 807 lit
697 737 996 808 commemoratio
1020 737 1065 806 de
1083 736 1191 806 Festo
1209 735 1456 806 Sacratissimi
1474 734 1604 805 Gordis
1627 735 1729 805 Jesu:
1747 735 1831 804 Ant.
1858 739 1922 804 Im

426 849 647 932 properium.
671 848 705 932 i.
729 847 853 932 Ipnem
875 848 965 914 oeni.
992 843 1128 914 Orati0.
1155 845 1316 928 Concede,
1340 865 1568 930 quaesumus.

536 950 609 1021 Sed
632 950 663 1021 si
689 951 868 1036 Officium,
891 956 950 1021 etc.

535 1113 579 1180 In
594 1115 711 1180 eodem
725 1115 827 1180 Festo
842 1114 1021 1180 Lectiones
1035 1113 1059 1179 I
1059 1113 1082 1179 I.
1099 1112 1282 1195 Nocturni,
1298 1132 1390 1197 quae
1405 1132 1502 1178 nureo
1516 1111 1783 1179 inscribuntur:
1796 1107 1922 1178 Sermo

433 1218 468 1289 S.
494 1218 670 1288 Bernardi
693 1218 858 1303 Abbalis,
875 1219 1000 1286 anaodo
1022 1219 1289 1286 inscribantur:
1316 1217 1445 1287 Sermo
1470 1216 1506 1286 S.
1536 1216 1818 1285 Bonaventurae
1846 1215 1923 1304 Epi·

432 1346 543 1414 scopi.

535 1507 616 1574 Post
639 1507 734 1574 citam
754 1509 800 1573 21
821 1505 931 1573 Junii
953 1507 1137 1591 sequentia
1159 1505 1386 1572 inserantur:

862 1735 1031 1804 Sensuro
1054 1755 1147 1803 auru
1172 1733 1267 1804 Dou.
1292 1733 1348 1803 IV.
1374 1733 1484 1803 Junrr.

534 1899 576 1968 ln
599 1897 731 1987 vigilia
755 1897 790 1966 S.
816 1895 970 1966 Joannis
995 1893 1195 1983 Baptistae.

532 2007 601 2074 Hic
622 2008 835 2073 inserantur
857 2025 950 2090 quae
967 2007 1091 2089 posita
1113 2005 1199 2071 eunt
1221 2004 1280 2070 die
1310 2005 1356 2070 23
1377 2002 1495 2085 Junii,
1520 2004 1663 2088 dempta
1691 2003 1825 2068 ultima
1856 2003 1925 2069 Ru-

430 2115 528 2182 brica
561 2110 600 2181 Si
623 2111 791 2200 sequenti
815 2110 883 2191 die,
907 2114 978 2194 etc,
1002 2113 1104 2198 cujus
1128 2111 1198 2178 loeo
1219 2113 1378 2193 ponatur
1399 2129 1563 2194 sequens:

512 2215 514 2218 ’
533 2218 572 2289 Si
596 2219 686 2288 llaec
708 2217 840 2307 Vigilia
862 2220 1029 2287 occurrat
1044 2215 1173 2285 eadem
1189 2215 1247 2284 die
1271 2235 1355 2284 cum
1372 2214 1502 2303 Vigilia
1525 2211 1726 2302 anticipata
1754 2213 1809 2284 Se.
1828 2214 1926 2301 Apo-

429 2327 607 2397 stolorum
632 2326 728 2395 Petri
752 2331 788 2395 et
812 2325 926 2407 Pauli,
949 2329 1067 2394 totum
1101 2323 1269 2394 Officium
1300 2322 1341 2391 fit
1372 2322 1417 2392 de
1439 2321 1570 2411 Vigilia
1598 2321 1634 2392 S.
1660 2320 1814 2391 Joanuis
1843 2321 1924 2390 sine

430 2434 775 2505 commemoratione
799 2432 949 2502 alterius
971 2430 1134 2521 vigiliae,
1158 2429 1229 2500 nisi
1254 2430 1292 2498 in
1318 2427 1439 2498 Missa.

976 2661 1161 2730 Daunum
1185 2662 1243 2731 IV.
1268 2662 1378 2731 lusu.

532 2827 573 2895 lu
598 2825 821 2894 Narrvrrare
846 2823 881 2892 S.
907 2824 1059 2892 Josums
1084 2823 1302 2892 Barrrsmu.
1327 2825 1434 2909 Dupt.
1459 2825 1487 2891 I.
1512 2825 1615 2892 clare.
1641 2845 1722 2891 cum
1748 2825 1890 2890 Octava.

533 2937 602 3004 Hic
624 2935 810 3001 inseratur
835 2934 1004 3017 Officium,
1028 2935 1069 2999 nt
1091 2931 1240 2999 habetur
1262 2933 1304 2997 in
1327 2933 1517 2999 Breuiario
1540 2932 1598 2998 die
1620 2935 1665 2998 24
1687 2931 1806 2998 Junii.

532 3129 665 3197 Postl.
695 3130 866 3211 Vesperas
889 3128 1050 3193 addatur
1076 3147 1225 3213 septuns
1255 3126 1430 3194 Rubrica:
1466 3125 1512 3193 nt
1546 3123 1587 3193 iit
1622 3123 1925 3194 commemoratio

431 3234 643 3305 Dominicae
667 3232 900 3304 occurrentis

533 3343 792 3427 Supprimatnr
807 3342 934 3409 minae
957 3342 1071 3408 Lectio
1087 3343 1162 3424 nt,
1178 3343 1209 3408 et
1231 3342 1392 3424 ponatur
1415 3341 1500 3408 haec
1519 3340 1691 3407 Rubrica:
1719 3337 1844 3407 Lectio
1862 3338 1925 3407 IX.

429 3450 474 3519 de
497 3447 649 3518 homilia
673 3445 885 3515 Dominicae
910 3444 1146 3515 occurrentis,

531 3559 577 3624 Iu
599 3557 669 3640 sine
691 3555 863 3621 Laudum
885 3555 1066 3620 addatur:
1098 3553 1144 3620 Et
1167 3551 1208 3620 fit
1231 3551 1531 3621 commemoratio
1560 3549 1773 3620 Dominicae
1803 3570 1927 3620 occur-

428 3667 576 3837 rentlsln
610 3769 655 3836 ΙΙ.
693 3769 862 3852 Vespera,
893 3770 935 3833 in
969 3769 1049 3852 fine,
1081 3769 1353 3851 moereantur:
1383 3765 1429 3834 Et
1463 3764 1504 3833 fit
1532 3763 1833 3835 commemoratio
1870 3787 1927 3835 se-

427 3877 597 3966 quentis,
619 3879 650 3942 et
668 3877 849 3960 ponatur:
873 3877 908 3942 et
931 3871 973 3941 fit
996 3872 1295 3942 commemoratio
1321 3871 1535 3941 Dominicae
1563 3870 1798 3940 occurrentis.

583 4069 703 4138 Parus
727 4088 787 4136 om
811 4087 941 4136 uranus
966 4088 1071 4136 ruens
1097 4066 1275 4137 Ocravuu
1299 4065 1334 4136 S.
1361 4066 1513 4135 Josurus
1544 4066 1762 4135 Brrrrsruu.

533 4225 666 4295 Omnia
689 4231 731 4294 ut
753 4224 791 4293 in
816 4225 924 4294 Festo
948 4230 1093 4312 praeter
1117 4225 1328 4313 sequentia:

530 4333 574 4402 ln
597 4332 623 4401 Ι.
649 4333 850 4402 Nocturna:
876 4331 1066 4400 Lectiones
1090 4333 1134 4401 de
1160 4331 1348 4419 Scriptura
1371 4337 1595 4402 occurrente.
1613 4331 1655 4400 ln
1673 4331 1718 4399 ll.
1732 4331 1925 4402 Nocturno

427 4443 547 4509 Sermo
579 4440 613 4508 S.
637 4441 834 4526 Aupustini
865 4441 1041 4525 Episcopi.
1065 4440 1274 4508 Natalem...
1301 4441 1354 4526 (ut
1377 4442 1419 4506 in
1442 4442 1606 4526 antiquie
1629 4441 1836 4508 Brevioriis
1867 4444 1925 4508 die

453 4556 471 4590 r
579 4551 602 4566 ..

425 4555 470 4617 2⁰
493 4551 658 4722 Jtffittffi
684 4653 887 4722 Nocturuo:
912 4653 1028 4720 Lectio
1052 4653 1086 4720 S.
1104 4655 1304 4739 Luanpelii
1331 4657 1397 4721 etc.
1421 4652 1473 4720 De
1496 4653 1660 4719 Homilia
1682 4653 1719 4720 S.
1743 4653 1925 4722 Ambrosii

425 4763 602 4846 Episcopi.
625 4761 785 4828 Joaunee
807 4764 895 4828 eet...
921 4759 975 4846 (ut
997 4761 1039 4825 in
1062 4761 1251 4828 Breuiario
1273 4761 1332 4826 die
1355 4765 1375 4826 1
1397 4759 1519 4845 Julii).

560 4955 729 5026 Securos
751 4975 812 5023 mu
835 4974 966 5023 nissae
991 4975 1099 5023 rurus
1128 4954 1306 5025 Ocruvsu
1331 4954 1366 5023 S.
1392 4955 1545 5024 Josuurs
1570 4955 1784 5024 Barrrsrss.

530 5151 664 5222 Omnia
686 5155 729 5220 ut
751 5151 790 5220 in
814 5151 933 5236 Festo,
958 5155 1101 5238 praeter
1124 5150 1334 5239 sequentia:

528 5258 571 5327 ln
595 5259 621 5327 l.
647 5259 849 5328 Nocturuo:
875 5256 1066 5326 Lectiones
1090 5257 1134 5326 de
1160 5257 1348 5345 Scriptura
1372 5263 1595 5327 occurrente.

529 5365 571 5434 In
595 5366 640 5435 II.
666 5366 870 5434 Nocturna:
897 5365 1017 5433 Sermo
1041 5365 1166 5433 Sancti
1188 5366 1327 5434 Basilii
1350 5367 1487 5450 Mapni.
1507 5365 1579 5433 Voce
1595 5369 1783 5436 Domini..
1802 5367 1857 5457 (nt
1880 5369 1921 5432 in

427 5475 617 5541 Breviorio
639 5476 698 5539 die
719 5477 764 5539 27
787 5474 919 5560 Junii).
