4120 6284
637 467 714 521 Acta
732 467 923 536 Apostola'aaa
941 468 1039 526 Sedis.
1059 497 1077 509 -
1098 471 1356 527 commentorium
1378 473 1519 542 officiale.

483 649 624 747 moui
641 651 695 728 ab
715 651 827 730 Urbe
845 652 959 730 intra
978 677 1052 731 sex
1069 677 1235 733 menses
1253 678 1338 733 non
1356 657 1567 734 reversuri
1586 657 1823 746 discedunt,

333 773 408 873 qui
427 773 631 852 diuturno
651 777 796 854 morbo
817 778 957 856 allecti
978 780 1163 878 impares
1181 780 1305 870 fiunt,
1329 779 1403 882 qui
1423 803 1582 859 munus
1602 783 1828 859 assumunt

334 901 450 1000 quod
474 904 658 1002 nequeat
684 924 782 980 cum
809 903 1115 982 examinatoris
1142 905 1293 982 officio·
1306 905 1516 1005 componi,
1547 907 1627 983 hoc
1653 906 1746 1006 ipso
1775 906 1826 982 de

333 1026 469 1103 officio
486 1027 703 1104 decidunt.

488 1153 525 1252 a)
542 1153 716 1248 Quoties
731 1153 799 1231 his
815 1155 866 1231 de
882 1155 1033 1244 causis,
1050 1154 1118 1231 vel
1135 1155 1217 1232 alio
1233 1156 1437 1235 canonico
1452 1154 1591 1261 titulo,
1608 1155 1676 1232 vel
1692 1161 1827 1232 morte

337 1278 503 1356 accidat
522 1281 571 1356 ut
589 1301 703 1356 unus
722 1280 1064 1358 examinatorum
1085 1279 1265 1370 deficiat,
1287 1279 1397 1358 alius
1416 1281 1508 1360 eius
1527 1281 1618 1358 loco
1639 1281 1830 1357 nomina-

336 1401 463 1490 bitur,
484 1403 560 1502 qui
579 1404 725 1480 tamen
746 1404 792 1478 in
811 1403 944 1480 officio
964 1404 1162 1504 persistet
1183 1404 1411 1482 dumtaxat
1432 1427 1566 1506 usque
1588 1403 1644 1482 ad
1665 1403 1829 1481 exitum

333 1526 618 1625 quinquennii
647 1527 763 1604 illius
795 1527 1099 1605 examinatoris
1131 1527 1177 1604 in
1208 1529 1331 1606 cuius
1364 1528 1706 1629 subrogationem
1740 1551 1828 1606 suc-

332 1651 471 1729 cessit.

489 1777 522 1877 s)
545 1778 870 1856 Examinatores
892 1780 966 1880 qui
988 1780 1148 1857 cadunt
1169 1785 1348 1880 possunt
1370 1804 1396 1858 a
1419 1782 1638 1859 Cardinali
1660 1781 1830 1858 Vioario

340 1902 478 1980 denuo
494 1903 607 2004 eligi.
672 1986 676 1994 J

491 2030 533 2129 q)
561 2031 717 2109 Omnes
743 2033 1056 2110 examinatores
1082 2034 1137 2109 ad
1164 2034 1464 2111 invitationem
1492 2033 1733 2112 Cardinalis
1759 2033 1830 2111 Vi-

340 2153 445 2232 11111
467 2177 640 2255 operam
663 2179 786 2234 suam
809 2155 1034 2258 diligenter
1056 2158 1279 2236 navabunt
1301 2157 1603 2258 experimentis
1626 2157 1835 2236 habendis

341 2283 397 2358 ad
421 2283 708 2381 provisionem
732 2284 1038 2383 paroeciarum,
1068 2284 1123 2361 ad
1149 2285 1398 2362 clericorum
1423 2283 1748 2374 ordinationem,
1778 2282 1834 2360 ad

342 2409 692 2508 approbationem
723 2411 989 2488 sacerdotum
1019 2409 1256 2510 petentium
1286 2410 1477 2509 excipere
1508 2409 1837 2488 sacramentales

342 2535 627 2615 confessiones
642 2539 717 2614 aut
735 2559 876 2614 sacras
893 2537 1048 2614 habere
1066 2535 1288 2615 conciones
1298 2566 1307 2627 ;
1325 2536 1525 2636 itemque,
1547 2535 1621 2614 ubi
1640 2535 1695 2612 sit
1713 2556 1833 2635 opus,

343 2661 399 2738 ad
432 2662 690 2740 amotionem
723 2663 904 2741 alicuius
937 2663 1112 2763 parochi
1145 2661 1467 2752 decernendam,
1504 2660 1626 2738 iuxta
1659 2659 1836 2737 novissi-

344 2811 464 2866 mum
483 2789 698 2868 decretum
717 2792 761 2865 M
763 2790 908 2866 111111
925 2811 1039 2866 curu.

493 2916 536 3013 11)
555 2917 732 3018 Aliquot
748 2916 938 3016 ipsorum
956 2914 1179 2993 convocari
1197 2916 1409 3015 poterunt,
1430 2913 1541 2991 utin
1559 2911 1758 2989 rebusad
1776 2909 1837 2986 di-

342 3040 567 3140 sciplinam
590 3042 903 3142 pertinentibus
931 3041 1104 3119 maioris
1132 3040 1337 3118 momenti
1364 3042 1432 3118 vel
1461 3037 1711 3117 difficilioris
1739 3035 1836 3114 defi-

343 3165 520 3246 nitionis
541 3168 768 3246 consilium
790 3192 916 3246 suum
938 3168 1170 3268 praebeant
1189 3166 1267 3245 sub
1290 3167 1422 3244 ductu
1446 3164 1686 3244 Cardinalis
1710 3162 1839 3241 Urbis

345 3293 518 3382 Vioarii,
542 3295 610 3371 vel
630 3294 888 3383 Adscssoris,
908 3294 976 3370 vel
998 3317 1024 3371 a
1044 3293 1214 3372 secretis
1235 3292 1364 3370 huius
1385 3290 1596 3369 sectionis.

497 3419 528 3520 11
551 3420 713 3498 Ρο11111
734 3419 865 3498 etiam
888 3419 1129 3498 cardinalis
1150 3418 1347 3496 Vioarius
1368 3418 1559 3518 ipsorum
1582 3417 1710 3494 alicui
1732 3435 1842 3492 corn-

347 3545 515 3622 mittere
534 3547 584 3621 ut
604 3543 778 3644 aliquod
795 3544 1015 3643 negotium
1036 3542 1252 3620 examinet
1269 3542 1311 3619 et
1328 3541 1486 3640 scripto
1503 3538 1670 3638 redigat
1690 3539 1838 3615 votum

348 3691 487 3757 suum,
513 3669 651 3745 aliave
674 3671 773 3767 agat
792 3690 900 3767 quae
922 3666 1096 3744 adoleri
1119 3665 1392 3765 disciplinam
1414 3661 1738 3742 custodiendam
1760 3662 1840 3737 uti·

345 3795 405 3871 lia
417 3794 485 3870 vel
501 3794 739 3871 necessaria
754 3794 983 3871 videantur
998 3794 1040 3869 11
1055 3813 1082 3868 1
1095 3789 1338 3867 Vioariatus
1371 3787 1619 3866 officialibus
1637 3785 1845 3886 praestari

349 3943 533 4020 congrue
557 3921 782 4021 nequeant.

574 4097 707 4168 Sncrro
730 4096 779 4164 1.·
803 4133 821 4146 -
845 4095 906 4166 De
928 4095 1131 4164 institutis
1153 4093 1361 4180 rellglosls
1387 4091 1617 4200 malletum.

449 4243 509 4315 31.
534 4239 641 4317 Cum
665 4236 864 4337 expediat
886 4238 935 4314 ut
957 4233 1216 4338 monasteria
1237 4231 1430 4330 aliaeque
1455 4229 1682 4340 religiosae
1697 4227 1843 4304 mulie-

347 4391 444 4445 rum
461 4368 626 4454 domus,
642 4387 750 4465 quae
766 4362 812 4439 in
829 4362 941 4441 Urbe
959 4363 1071 4450 sunt,
1091 4360 1167 4437 uni
1183 4358 1404 4457 eidemque
1419 4354 1659 4433 ordinariae
1676 4352 1843 4430 iurisdi-

352 4493 485 4572 ctioni
504 4491 683 4582 subsint,
704 4489 972 4568 decernimus
991 4490 1034 4566 11
1053 4485 1296 4574 statuimus,
1316 4486 1366 4561 ut
1385 4504 1532 4559 omnes
1552 4482 1598 4558 in
1618 4480 1848 4580 posterum,

352 4644 378 4698 a
394 4620 462 4696 die
483 4642 567 4718 quo
587 4618 692 4694 haec
713 4613 971 4694 Constitutio
992 4613 1081 4688 vim
1102 4613 1144 4688 et
1164 4608 1456 4686 executionem
1478 4605 1633 4682 habere
1655 4601 1843 4701 incipiet,

351 4743 595 4824 auctoritati
617 4745 659 4820 et
685 4740 924 4819 ordinariae
950 4735 1237 4816 iurisdictioni
1262 4733 1392 4812 unius
1419 4729 1660 4811 Cardinalis
1687 4724 1848 4804 Vioarii

354 4871 569 4950 subiectae
587 4869 685 4958 sint,
705 4865 943 4967 suppressis
961 4861 1242 4963 exemptionis
1261 4859 1507 4961 privilegiis,
1528 4855 1683 4958 quibus
1703 4871 1851 4932 earum

356 4995 587 5072 nonnullae
606 4990 823 5094 aliquibus
842 4988 883 5067 S.
906 4990 956 5066 R.
978 4988 1026 5064 E.
1049 4984 1362 5072 Cardinalibus,
1384 4985 1459 5060 aut
1480 4978 1687 5058 Praelatis
1709 4998 1850 5054 saecu-

354 5122 516 5200 laribus
533 5122 602 5196 vel
621 5116 887 5218 regularibus
905 5113 1112 5193 obnoxiae
1133 5113 1267 5198 erant,
1291 5111 1333 5185 et
1354 5107 1603 5184 conservato
1623 5101 1851 5180 dumtaxat

356 5246 601 5325 memoratis
627 5247 711 5322 ΡΡ.
741 5241 1040 5322 Cardinalibus
1066 5237 1339 5340 protectionis
1365 5255 1553 5320 munere,
1584 5228 1697 5329 quod
1724 5225 1851 5303 modo

356 5375 401 5450 in
422 5397 493 5451 eas
510 5371 593 5472 ipsi
614 5369 820 5458 obtinent,
846 5367 987 5445 autin
1009 5367 1204 5443 futurum
1226 5363 1385 5440 eisdem
1408 5357 1581 5436 concedi
1603 5353 1771 5455 poterit.
1933 5463 1936 5470 ,

380 5523 384 5536 ·
457 5503 518 5576 32.
540 5496 752 5600 Regendis
770 5497 812 5573 11
830 5491 1118 5596 gubernandis
1136 5490 1205 5567 his
1224 5486 1422 5567 omnibus
1441 5479 1711 5562 monasteriis
1730 5483 1771 5556 et
1790 5500 1851 5552 re-
