4120 6284
430 445 468 504 66
738 451 815 505 Acta
832 449 1023 519 Apostoliooe
1041 448 1139 505 Sedis.
1159 477 1175 487 -
1197 449 1457 506 commentarium
1479 450 1619 516 officiolo.

434 635 640 723 descriptus
664 633 712 704 sit
735 634 774 704 in
791 633 1009 705 Calendario
1026 655 1109 704 cum
1134 633 1216 704 aliis
1233 633 1388 718 Sanctis,
1412 634 1549 723 quibus
1573 638 1689 703 estex
1704 639 1834 704 natura
1854 657 1916 706 sua

434 743 663 832 conjunctus
688 741 826 812 scilicet
856 742 1005 830 quando
1038 741 1133 812 inter
1166 763 1231 811 eos
1261 741 1471 812 necessaria
1500 740 1828 830 consanguinitatis
1859 750 1918 814 aut

434 849 621 919 affinitatis
652 847 745 918 ratio
777 848 980 934 intercedit,
1010 869 1086 918 non
1118 853 1176 918 est
1206 869 1229 918 a
1260 848 1377 918 Sociis
1409 848 1647 937 separandus.
1677 847 1716 919 Si
1738 868 1823 918 vero
1852 850 1918 920 illis

435 957 653 1046 conjunctus
680 960 736 1026 est
767 977 810 1025 ex
845 955 1038 1026 occasione
1069 960 1226 1041 tantum,
1249 955 1336 1044 quia
1364 955 1501 1026 scilicet
1524 956 1654 1025 eadem
1677 955 1736 1025 die
1759 955 1919 1042 obierint,

356 1071 360 1078 '
433 1069 522 1133 tuno
545 1085 568 1132 a
592 1062 708 1134 Sociis
733 1070 934 1151 separatur,
958 1068 995 1132 et
1025 1063 1070 1132 de
1102 1083 1145 1132 eo
1175 1064 1295 1152 agitur
1319 1062 1464 1132 Festum
1499 1063 1569 1132 sub
1600 1063 1673 1131 ritu
1697 1065 1920 1151 competenti.
1950 1083 1952 1090 ·

539 1169 577 1239 Si
601 1174 732 1259 agatur
756 1170 904 1240 Festum
930 1170 975 1240 de
1000 1170 1160 1240 Patrono
1191 1171 1388 1258 praecipuo
1416 1169 1475 1239 vel
1504 1170 1550 1258 de
1575 1169 1739 1254 Titulari,
1763 1175 1799 1239 et
1829 1169 1917 1240 Socii

434 1275 509 1345 sint
531 1297 615 1346 cum
639 1297 683 1346 eo
707 1276 881 1365 descripti
905 1277 943 1346 in
969 1276 1186 1346 Calendario
1218 1276 1288 1346 sub
1316 1276 1389 1346 ritu
1417 1265 1592 1365 simplici,
1616 1277 1662 1346 de
1691 1275 1808 1347 Sociis
1834 1277 1919 1346 nihil

435 1381 581 1470 penitus
605 1383 663 1468 fit;
687 1383 718 1452 si
742 1405 829 1453 vero
854 1389 985 1472 agatur
1000 1383 1150 1453 Festum
1167 1384 1211 1453 de
1229 1383 1390 1453 Patrono
1407 1382 1624 1452 secundario
1641 1383 1697 1453 vel
1722 1385 1767 1452 de
1792 1382 1920 1452 Sancto

434 1489 538 1578 cujus
552 1487 722 1576 Reliquis
738 1488 891 1578 insignis
905 1489 1072 1575 habetur,
1087 1495 1176 1559 tunc
1189 1489 1234 1558 de
1252 1489 1370 1560 Sociis
1386 1489 1427 1557 fit
1443 1488 1753 1559 commemoratio.
1772 1489 1876 1574 Quod
1892 1490 1920 1558 si

434 1593 598 1683 inscripti
614 1595 689 1664 sint
704 1595 743 1665 in
760 1595 977 1666 Calendario
994 1597 1063 1665 sub
1080 1596 1152 1666 ritu
1169 1595 1304 1684 duplici
1320 1596 1379 1666 vel
1394 1595 1636 1684 semiduplici,
1647 1603 1735 1666 tuno
1749 1595 1844 1667 Socii
1856 1595 1922 1664 alia

434 1701 492 1771 die
523 1701 772 1788 celebrantur,
799 1703 907 1791 juxta
929 1703 1126 1788 Rubrioas,
1154 1703 1225 1773 sub
1252 1703 1343 1786 ritu,
1375 1724 1448 1791 quo
1484 1702 1521 1772 in
1554 1702 1771 1773 Calendario
1803 1702 1925 1772 inseri—

436 1809 581 1877 buntur.

539 1915 591 1984 13.
616 1914 669 1985 De
695 1915 856 2001 OctaviS,
872 1937 966 2005 quae
991 1937 1068 1985 non
1092 1915 1241 1986 suntin
1265 1916 1452 1986 Breviario
1476 1916 1658 2000 Romano,
1673 1915 1766 1985 nihil
1790 1915 1830 1984 lit
1854 1935 1922 1984 am-

435 2021 530 2107 plius
559 2021 704 2092 aFeria
719 2022 778 2092 IV.
796 2022 970 2093 Cinerum
993 2044 1111 2110 usque
1136 2024 1183 2092 ad
1207 2022 1434 2093 Dominicam
1462 2023 1499 2091 in
1521 2022 1635 2108 Albis,
1652 2045 1674 2092 a
1689 2022 1822 2112 Vigilia
1843 2024 1927 2093 Pen-

433 2133 591 2198 tecostes
614 2150 732 2218 usque
757 2131 805 2200 ad
828 2129 977 2200 Festum
1012 2130 1075 2200 SS.
1094 2129 1295 2214 Trinitatis,
1319 2135 1356 2199 et
1378 2151 1401 2198 a
1424 2129 1482 2199 die
1509 2130 1549 2198 17
1573 2129 1787 2200 Decembris
1810 2149 1927 2218 usque

433 2235 481 2303 ad
505 2233 760 2323 Epiphaniam,
784 2258 929 2325 semper
952 2237 1141 2307 inclusive.

541 2343 590 2412 ll.
616 2343 774 2428 Quando
798 2343 979 2415 Nativitas
1004 2344 1040 2414 S.
1058 2343 1211 2414 loannis
1236 2343 1425 2432 Baptistae
1458 2343 1516 2414 die
1545 2345 1589 2414 TO
1613 2344 1712 2414 Junii
1744 2343 1928 2428 obveniat,

433 2448 469 2516 in
496 2450 658 2520 Sabbato
682 2451 912 2540 praecedenti
936 2451 1048 2522 simul
1071 2457 1268 2521 occurrunt
1290 2451 1443 2540 Vigiliae
1466 2456 1546 2520 turn
1570 2452 1733 2540 ejusdem
1765 2451 1801 2522 S.
1827 2452 1927 2520 Prae·

435 2556 606 2641 cursoris
629 2560 709 2625 turn
734 2557 789 2627 Ss.
807 2558 1069 2648 Apostolorum
1094 2558 1192 2628 Petri
1216 2562 1252 2628 et
1276 2557 1399 2642 Pauli3
1424 2558 1462 2626 in
1494 2578 1594 2643 casu,
1618 2557 1659 2626 fit
1683 2557 1853 2628 Officium
1883 2557 1928 2626 de

434 2661 563 2747 prima,
587 2662 667 2732 sine
691 2665 1037 2735 commemoratione
1061 2664 1106 2735 de
1131 2664 1212 2733 alia.

541 2770 591 2839 15.
616 2770 669 2840 De
694 2769 809 2840 Feriis
833 2772 1024 2842 Adventus
1048 2775 1086 2841 et
1109 2770 1430 2860 Quadragesimae,
1455 2771 1553 2842 side
1577 2772 1630 2842 eis
1659 2793 1736 2842 non
1760 2772 1826 2842 fiat
1850 2773 1929 2842 Offi-

435 2874 542 2961 cium,
559 2875 601 2946 fit
623 2899 767 2966 semper
784 2877 1083 2949 commemoratio
1107 2878 1145 2947 in
1168 2878 1335 2967 utrisque
1351 2878 1521 2968 Vesperis
1545 2884 1582 2948 et
1605 2880 1795 2950 Laudibus
1812 2881 1928 2968 cujus·

434 3002 591 3070 cumque
615 2983 729 3053 Festi:
754 2985 798 3054 de
823 2984 938 3054 Feriis
964 2985 1131 3070 Quatuor
1154 2985 1376 3073 Temporum
1400 2990 1437 3056 et
1464 2985 1509 3054 ll.
1531 2985 1792 3075 Rogationum,
1817 3007 1858 3056 ac
1886 2987 1928 3054 de

435 3086 586 3176 Vigiliis,
602 3088 640 3158 in
667 3089 853 3160 Laudibus
877 3095 1032 3160 tantum.
1050 3091 1088 3161 Si
1112 3077 1199 3161 vero
1215 3090 1340 3179 aliqua
1354 3092 1486 3181 Vigilia
1502 3097 1670 3161 occurrat
1693 3092 1730 3160 in
1748 3092 1928 3174 Adventu,

436 3194 737 3284 Quadragesima,
754 3196 922 3281 Quatuor
938 3197 1192 3286 Temporibus,
1206 3198 1265 3267 vel
1288 3198 1326 3268 in
1349 3198 1494 3288 Duplici
1518 3198 1545 3268 l.
1563 3198 1702 3284 classis
1719 3199 1765 3269 de
1789 3221 1834 3269 ea
1857 3219 1929 3268 non

434 3300 475 3368 fit
499 3303 797 3373 commemoratio
820 3325 941 3394 neque
964 3305 1002 3374 in
1027 3305 1225 3376 Laudibus.

499 3516 744 3601 Ecpnapalar
764 3518 946 3602 inteprcm
974 3518 1204 3601 Paoltcrtom,
1229 3521 1329 3604 eique
1358 3517 1600 3587 substituatur
1632 3516 1870 3588 Ordinarium
1901 3521 1931 3585 et

435 3619 578 3688 Novum
603 3619 833 3691 Psalterium.

832 3893 877 3958 Iu
899 3893 1051 3977 Proprlo
1075 3891 1117 3958 de
1141 3893 1313 3977 Tempore
1335 3892 1522 3959 Brevlartl.

538 4102 620 4170 Post
636 4103 779 4170 Festum
795 4102 1115 4187 selenomantiae,
1129 4105 1334 4188 suppressis
1345 4103 1512 4171 Euboicis
1523 4123 1615 4187 quoe
1630 4123 1728 4170 nuno
1742 4104 1932 4186 hobcmm,

430 4212 619 4292 ponantur
640 4214 840 4296 sequentes:
1279 4255 1283 4263 ·

538 4403 576 4473 Si
608 4403 758 4474 Festum
791 4404 1000 4475 Nativitatis
1032 4403 1191 4490 Domini,
1217 4404 1252 4474 S.
1278 4404 1466 4492 Stephani,
1491 4406 1526 4475 S.
1552 4405 1707 4475 loannis
1731 4405 1873 4495 Evang.
1898 4411 1932 4473 et

435 4511 489 4581 Ss.
508 4511 763 4581 Innocentium
786 4512 927 4581 venerit
950 4511 988 4581 in
1004 4512 1207 4597 Dominioa,
1224 4512 1305 4600 ipsa
1324 4512 1383 4581 die
1406 4511 1498 4581 nihil
1516 4511 1557 4580 tit
1580 4512 1625 4581 de
1642 4511 1852 4598 Dominioa,
1868 4511 1932 4582 sed

434 4618 492 4688 die
516 4617 683 4707 proxima
706 4623 790 4706 post
813 4617 960 4688 Festum
988 4620 1024 4688 S.
1043 4619 1206 4689 Thomas
1231 4620 1333 4688 Mart.
1357 4616 1399 4688 fit
1423 4619 1467 4687 de
1491 4639 1545 4703 ea,
1569 4624 1610 4688 ut
1633 4618 1738 4688 infra.

538 4725 576 4794 Si
604 4723 750 4792 Festum
783 4723 907 4794 Sancti
932 4725 1096 4795 Thomae
1120 4725 1261 4795 venerit
1284 4725 1322 4794 in
1347 4725 1548 4809 Dominioa,
1572 4730 1661 4795 tuno
1689 4724 1727 4794 in
1752 4725 1800 4795 Il.
1825 4727 1932 4814 Vesp.

435 4831 490 4900 Ss.
515 4831 771 4901 Innocentium
804 4831 845 4900 fit
876 4852 1006 4901 comm.
1033 4833 1136 4903 Dom.
1162 4833 1260 4920 (Ant.
1284 4833 1381 4900 Dum
1410 4835 1579 4901 madium.
1604 4836 1637 4919 v.
1659 4835 1812 4902 Verbum
1839 4855 1932 4902 coro.

435 4937 561 5008 Oratio
581 4941 808 5023 Omnipotens
830 4943 872 5006 ut
888 4938 1009 5027 intra),
1025 4939 1157 5008 deinde
1175 4938 1210 5009 S.
1228 4939 1392 5007 Thomae
1409 4942 1445 5008 et
1463 4937 1573 5007 trium
1593 4937 1831 5010 Octavarum.
1850 4939 1936 5026 Ipsa

433 5066 518 5114 vero
544 5043 602 5113 die
626 5043 818 5113 Dominioa
842 5044 883 5113 lit
900 5043 1067 5115 Officium
1093 5045 1137 5114 de
1162 5065 1215 5129 ea,
1231 5045 1304 5113 ritu
1329 5043 1569 5132 semiduplici,
1586 5049 1627 5114 ut
1651 5044 1746 5113 infra
1771 5045 1934 5132 ponitur,

433 5151 540 5221 etad
565 5151 708 5221 Laudes
732 5150 772 5219 lit
797 5151 938 5221 Comm.
964 5152 999 5221 S.
1017 5153 1180 5220 Thomae
1205 5156 1240 5220 et
1265 5156 1424 5240 quatuor
1445 5150 1678 5220 Octavarum.
1703 5151 1745 5220 In
1763 5151 1931 5238 lLVesp.

433 5259 473 5327 tit
491 5257 657 5329 Officium
683 5258 727 5328 de
753 5257 961 5342 Nativitate,
978 5259 1050 5327 ritu
1075 5257 1352 5346 semiduplici,a
1377 5257 1536 5345 capitulo
1562 5259 1606 5328 de
1630 5257 1826 5329 Dominioa
1850 5279 1930 5328 cum

434 5388 564 5436 comm.
596 5365 784 5453 sequentis
808 5365 880 5434 diei
907 5366 1001 5434 inira
1026 5365 1203 5435 Octavam
1229 5365 1437 5434 Nativitatis
1462 5365 1559 5453 (Ant.
1583 5368 1708 5436 Hodie.
1732 5368 1766 5452 t.
1792 5370 1932 5435 Notum.

434 5472 561 5542 Oratio
587 5472 760 5561 Concede),
786 5472 821 5542 S.
839 5473 1001 5542 Thomae
1026 5478 1062 5541 et
1085 5471 1192 5540 trium
1221 5471 1454 5542 Octavarum.
1471 5472 1537 5542 Die
1554 5492 1640 5541 vero
1658 5473 1702 5542 30
1717 5472 1932 5542 Decembris
