4120 6284
703 449 735 506 S.
757 448 952 519 Gouprcpatio
970 449 1104 504 Rittium.
1616 446 1652 503 73

256 705 301 774 In
326 705 390 776 ΙΙΙ.
417 706 622 778 Nocturna:
647 708 763 776 Lectio
786 707 914 776 Sancti
936 709 1132 794 Evanpetii,
1159 711 1224 776 etc.
1248 707 1301 775 De
1323 709 1485 776 Homilia
1512 707 1546 776 S.
1569 707 1652 774 Am-

161 814 264 882 brosii
287 816 468 900 Ilpisomi.
499 817 544 883 Et
567 817 808 884 Zacharias...
833 813 887 902 (ut
909 818 951 882 in
973 816 1164 884 Bremario
1187 817 1245 883 die
1266 819 1311 884 27
1333 815 1465 902 Junli).

313 1026 452 1096 Tanna
476 1047 536 1096 DI!
559 1047 690 1096 cressa
718 1047 825 1096 ursas
852 1026 1028 1097 Ooruvuu
1054 1027 1089 1097 S.
1114 1027 1267 1097 loannis
1292 1027 1506 1096 supersum.

260 1185 397 1255 Omnia
419 1191 461 1256 ut
484 1186 522 1256 in
546 1186 667 1272 Festo,
691 1191 835 1274 praeter
858 1186 1067 1275 sequentia:

260 1293 304 1362 In
329 1292 356 1362 Ι.
381 1294 582 1364 Nocturna:
608 1293 800 1364 Lectiones
824 1293 869 1363 de
895 1293 1083 1382 Scriptura
1105 1299 1329 1364 occurrente.

261 1400 304 1470 In
330 1401 375 1470 II.
401 1401 606 1472 Nocturna:
632 1405 754 1472 Sermo
786 1404 823 1471 S.
848 1405 1007 1472 Man-imi
1030 1405 1208 1490 Episcopi.
1229 1405 1512 1472 Festivitatem...
1536 1401 1590 1486 (ut
1611 1405 1653 1470 in

163 1512 348 1578 Breviario
372 1514 431 1580 die
455 1517 475 1579 1
497 1513 619 1598 Jutit).

259 1617 302 1686 In
328 1616 393 1687 III.
419 1618 626 1688 Nocturna:

514 1831 631 1898 Lectio
654 1830 690 1899 S.
713 1832 904 1942 Erranpelii
926 1833 1122 1900 secundum
1148 1832 1296 1900 Lucam.

701 1953 824 2024 Lectio
846 1954 923 2024 VII.
949 1953 1051 2042 (Cap.
1077 1955 1118 2043 I.)

249 2135 444 2204 Elisabeth
466 2135 652 2218 impletum
675 2138 725 2202 est
747 2137 885 2218 tempus
903 2136 1088 2218 pariendi,
1112 2138 1143 2201 et
1161 2136 1301 2218 peperit
1324 2135 1452 2220 fitium.
1469 2135 1515 2200 Et
1529 2135 1653 2200 audie-

150 2245 230 2310 ruut
253 2244 389 2324 vieini,
415 2244 447 2308 et
474 2243 616 2326 cvpuati
650 2243 736 2328 ejus,
764 2243 853 2326 quia
884 2243 1130 2327 mapnifieam't
1164 2241 1342 2308 Dominus
1372 2241 1656 2308 misericordiam

146 2371 249 2418 suam
274 2369 366 2416 aum
390 2350 470 2430 illa,
496 2351 526 2415 et
549 2347 897 2433 conpratutabantur
918 2351 960 2415 ei.
989 2349 1033 2414 Et
1056 2349 1208 2433 reliqua.

514 2562 677 2628 Homitia
703 2561 922 2628 Venerabilis
948 2561 1065 2628 Bedae
1087 2560 1295 2645 Presbyteri.

614 2684 672 2774 (In
697 2684 844 2754 Nativit.
871 2683 995 2753 Sancti
1019 2683 1198 2772 loannis).

248 2865 515 2931 Praecursoris
539 2863 687 2929 Domini
709 2865 893 2944 nativitas,
927 2864 1019 2930 siout
1048 2865 1300 2930 sacratissima
1331 2865 1488 2929 motionis
1514 2883 1655 2948 evaupe

161 2973 240 3038 licae
259 2972 390 3055 prodit
415 2971 577 3052 historia,
604 2971 721 3036 multa
743 2971 1002 3037 miraculorum
1016 2969 1236 3036 sublimitate
1251 2970 1420 3053 refulpel:
1436 2971 1524 3054 quia
1547 2971 1655 3037 uimi-

158 3098 234 3144 rum
269 3075 415 3143 decebat
447 3079 487 3142 ut
516 3077 588 3157 ille,
620 3096 688 3160 quo
719 3077 834 3162 major
860 3078 954 3142 inter
985 3079 1088 3142 natos
1122 3077 1315 3141 mulierum
1350 3095 1452 3142 nemo
1485 3077 1654 3158 surremit,

159 3187 287 3269 majore
306 3204 404 3266 prae
427 3184 549 3249 veteris
570 3184 708 3250 sanctis
731 3185 772 3248 in
795 3185 874 3266 ipso
897 3203 980 3250 moa
1002 3186 1083 3250 ortu
1104 3185 1280 3248 virtutum
1294 3182 1426 3269 jubare
1441 3183 1653 3248 claresceret.

159 3289 261 3357 Senes
284 3310 329 3356 aa
353 3290 419 3356 diu
444 3291 634 3374 infecundi
652 3289 824 3373 parentes
847 3291 938 3356 dono
969 3291 1213 3356 nobilissimae
1232 3291 1350 3373 prolis
1383 3291 1558 3371 cautioni,
1581 3291 1655 3372 ipsi

157 3397 264 3478 patri,
289 3417 395 3480 quem
418 3396 656 3462 incredulitas
679 3398 819 3462 mutum
842 3396 1058 3478 reddiderat,
1084 3397 1134 3462 ad
1156 3397 1397 3463 salutandum
1423 3416 1535 3462 novae
1552 3416 1656 3479 prae
1702 3397 1706 3404 ’

160 3521 274 3570 eonem
295 3505 440 3587 pratiae
463 3523 501 3569 os
523 3505 555 3568 et
580 3504 709 3588 liupua
732 3504 923 3570 reseratur.
947 3504 1016 3571 Nec
1046 3506 1161 3571 sotum
1196 3504 1356 3588 facultas
1377 3502 1492 3570 Deum
1523 3503 1656 3570 benedi-

160 3611 259 3676 cendi
280 3611 496 3692 restituitur,
520 3611 582 3677 sed
604 3611 647 3676 de
669 3631 707 3678 ee
730 3613 839 3677 etiam
856 3611 1099 3694 prophetandi
1122 3611 1237 3677 virtus
1260 3613 1421 3694 aupetur.

782 3854 904 3924 Lectio
932 3855 1027 3925 VIII.

268 4033 365 4099 Unde
388 4033 513 4098 merito
535 4035 665 4099 seriola
674 4052 742 4116 per
756 4033 872 4100 orbem
888 4035 1056 4116 Ecclesia,
1076 4053 1168 4118 quae
1185 4036 1232 4100 tot
1251 4035 1431 4102 beatorum
1454 4040 1656 4120 martyrum

161 4141 336 4220 victorias,
359 4138 491 4223 quibus
512 4140 716 4223 inpressum
731 4143 834 4224 repni
856 4140 1010 4207 eoelestis
1027 4160 1193 4222 meruere,
1211 4143 1422 4226 frequentat,
1438 4142 1547 4228 hujus
1574 4145 1653 4208 tan-

161 4244 337 4312 tummodo
355 4248 438 4328 pest
459 4244 656 4312 Dominum
677 4247 786 4313 eliam
811 4248 1014 4313 nativitatis
1037 4247 1132 4314 diem
1155 4248 1326 4314 celebrare
1349 4249 1538 4316 consuevit.
1558 4250 1655 4330 Qreod

162 4352 371 4418 nullatenus
392 4355 472 4418 stne
487 4352 691 4436 evanpetiva
703 4355 913 4420 auctoritate
928 4355 969 4417 in
985 4356 1274 4420 muuutudtnem
1290 4356 1426 4422 venisse
1441 4356 1655 4421 eredendum

162 4459 226 4523 est:
245 4458 309 4524 sed
332 4459 504 4526 attentius
527 4460 650 4524 auium
669 4459 930 4526 recondendum
947 4461 1036 4544 quia
1051 4463 1153 4542 sicut,
1173 4463 1258 4527 nutv
1273 4458 1434 4542 Domino,
1446 4461 1656 4545 pastoribus

164 4583 344 4646 apparens
366 4565 517 4648 anpetus
540 4565 613 4630 ait:
638 4566 721 4632 Ecce
744 4567 943 4649 evanpetim
964 4565 1060 4632 vebis
1080 4569 1259 4650 paudium
1276 4587 1456 4650 mapnum,
1473 4568 1566 4652 quod
1588 4569 1655 4635 erit

165 4672 258 4734 omni
277 4671 421 4754 populo,
446 4673 535 4756 quia
559 4673 742 4738 natusest
775 4672 870 4738 vobis
905 4674 1007 4738 leodic
1031 4672 1205 4753 Salvator,
1230 4675 1294 4756 qui
1324 4675 1373 4740 est
1399 4673 1561 4740 Christus
1586 4675 1656 4742 Do·

167 4777 368 4843 minus:ila
391 4778 500 4843 etiam
522 4779 676 4862 anpelus
698 4780 924 4845 naseiturum
949 4781 1151 4846 Zachariae
1162 4780 1384 4862 praedicans
1399 4779 1593 4848 Joannem:
1611 4783 1656 4847 Et

171 4885 240 4962 erit,
262 4885 392 4969 inquit,
413 4885 594 4969 paudium
616 4885 681 4952 tibi
704 4886 735 4950 et
758 4888 939 4967 evultatio,
966 4891 996 4952 et
1020 4888 1124 4953 multi
1146 4887 1188 4952 iu
1210 4889 1398 4954 nativitate
1420 4889 1496 4973 ejus
1527 4890 1657 4972 paude-

171 4983 260 5056 aut.
282 4989 361 5054 Ilrit
384 4991 481 5056 euim
503 5011 660 5076 mapnus
683 5011 805 5057 aeram
827 4993 988 5058 Domino.

809 5183 931 5252 Lectio
957 5183 1017 5253 IX.

265 5364 354 5430 Jure
367 5366 482 5448 ipltur
497 5367 685 5449 utriusque
700 5365 876 5432 nativitus
891 5365 985 5447 festa
1000 5364 1178 5432 devotione
1194 5366 1398 5448 celebratur,
1413 5369 1533 5434 sedin
1551 5369 1656 5436 iltius

176 5484 336 5572 unquam
357 5491 399 5555 in
424 5487 560 5556 Christi
583 5488 740 5570 Domini,
766 5490 942 5572 tunquam
965 5489 1006 5554 iu
1029 5487 1231 5557 Salvatvris
1254 5492 1392 5574 muudi,
1412 5494 1589 5577 tanquam
1615 5496 1656 5583 iu
