4120 6284
396 410 433 470 68
706 416 782 469 Acta
799 415 989 484 Apostoiiaae
1008 415 1105 471 Sedis.
1126 444 1143 454 -
1164 416 1420 472 commentarium
1444 416 1586 483 officiata.

397 595 607 686 Magnificat
629 603 702 668 ant.
730 601 797 682 Oui
819 602 895 667 auti
918 603 1038 668 uenire
1064 604 1131 669 etc.
1157 637 1175 650 -
1202 599 1329 669 Oratio
1353 602 1450 668 Deus
1474 621 1543 686 pro
1574 603 1677 689 cujus
1703 603 1883 686 utsupra.

397 703 538 774 Deinde
569 703 610 774 fit
640 725 731 775 corn.
756 705 944 794 sequentis
975 705 1047 776 diei
1078 705 1173 776 infra
1206 705 1284 776 Oct.
1314 706 1539 776 Nativitatis:
1572 707 1655 776 Ant.
1680 708 1794 774 Hodie
1823 711 1884 776 etc.

397 813 431 897 Ῡ.
454 813 584 880 Notum
606 817 673 883 etc.
699 811 824 882 Oratio
850 813 1001 882 caueae
1023 818 1090 884 etc.
1104 852 1123 864 -
1141 814 1276 883 Postea
1298 812 1340 881 tit
1363 834 1454 884 corn.
1477 813 1633 884 aliarum
1658 812 1884 883 Octavarum.

953 1025 1022 1095 Dnc
1046 1027 1090 1095 30
1113 1026 1335 1096 Dacunnnrs.

664 1169 717 1239 De
741 1168 799 1237 VI.
824 1167 891 1238 Die
915 1168 1009 1238 infra
1035 1167 1113 1238 Oct.
1139 1168 1359 1238 Nativitatis.
1384 1170 1624 1254 Semidupieu.

503 1382 638 1453 Omnia
661 1383 832 1454 dicuntur
855 1389 897 1453 ut
920 1382 958 1452 in
982 1382 1091 1453 Festo
1115 1382 1336 1467 Nativitatis‚
1360 1389 1504 1472 praeter
1527 1383 1604 1471 utri.
1621 1401 1716 1471 quae
1740 1401 1889 1450 sumun-

395 1494 456 1558 tur
479 1491 525 1559 de
549 1489 740 1560 Dominica
763 1497 800 1561 et
823 1490 1014 1561 Lectiones
1031 1489 1095 1560 ΙΙΙ.
1109 1488 1296 1576 Nocturni,
1312 1494 1354 1560 ut
1373 1491 1484 1559 inira:
1510 1492 1625 1559 Lectio
1643 1491 1761 1557 sanati
1777 1490 1889 1555 Doara

393 1599 480 1684 aetii
504 1602 569 1666 eto.
595 1599 649 1688 (ui
671 1603 713 1667 iu
735 1599 951 1688 Breviorio).

498 1702 556 1772 Ad
581 1705 724 1774 Laudes
748 1703 789 1773 fit
812 1705 1112 1774 commemoratio
1127 1705 1182 1774 ¹de
1207 1703 1288 1774 aliis
1315 1704 1473 1775 Octavis.

500 1810 557 1879 Ad
579 1811 775 1900 Vesperas:
801 1813 883 1880 Ant.
908 1817 945 1881 et
969 1812 1063 1881 Psal.
1088 1812 1133 1881 de
1158 1811 1367 1881 Nativitate.
1381 1850 1400 1862 -
1419 1809 1627 1899 Capitulum
1653 1813 1739 1880 Ecce
1762 1813 1890 1880 Sacer-

395 1917 460 1985 dos
474 1923 540 1987 etc.
558 1955 577 1968 -
595 1917 764 2004 Hymnus
779 1919 849 1988 Iste
867 1919 1061 2004 Oousessor.
1079 1958 1098 1970 -
1118 1922 1150 2005 i.
1167 1920 1321 1988 Amasti.
1338 1957 1357 1969 -
1375 1918 1432 1987 Ad
1447 1917 1656 2007 Magnificat
1671 1921 1754 1987 Ant.
1772 1918 1892 1987 Sacer-

395 2025 459 2092 dos
474 2029 505 2094 et
520 2027 696 2110 Poutisea.
715 2064 734 2075 -
753 2025 878 2095 Oratio
895 2027 954 2094 Da
969 2047 1197 2113 quaesumus.
1215 2025 1393 2095 -Deinde
1416 2025 1457 2095 tit
1481 2047 1610 2096 comm.
1636 2023 1890 2113 praecedentis

396 2129 468 2200 diei
500 2131 594 2201 infra
625 2131 750 2202 Octav.
784 2132 1001 2202 Nativitatis
1031 2133 1115 2202 Ant.
1140 2135 1265 2203 Hodie.
1294 2135 1327 2219 t.
1352 2135 1490 2202 Notum.
1524 2132 1651 2203 Oratio
1681 2133 1843 2202 Oouoede.
1872 2171 1891 2182 -

397 2238 530 2308 Postea
553 2239 595 2307 fit
617 2260 747 2309 comm.
772 2239 926 2309 aliarum
952 2240 1185 2310 Octavarum.

951 2453 1020 2521 Dra
1044 2453 1083 2522 31
1114 2453 1333 2522 Dacnnnnrs

610 2577 653 2646 In
677 2577 786 2648 Festo
812 2577 847 2646 S.
873 2576 1039 2647 Silvestri
1063 2577 1089 2646 I.
1116 2579 1237 2665 Papae
1263 2577 1502 2648 confessoris.
1525 2580 1673 2664 Duptea.

500 2793 626 2864 Oratio
643 2794 702 2860 Da
717 2815 945 2880 quaesumus.
963 2831 981 2844 -
1000 2793 1042 2862 In
1060 2793 1085 2861 Ι.
1105 2793 1291 2864 Nocturna
1309 2793 1361 2881 (ut
1376 2797 1417 2861 iu
1432 2795 1646 2877 Breviorio).
1660 2831 1679 2844 -
1697 2792 1737 2861 In
1755 2791 1800 2861 ΙΙ.
1820 2793 1853 2862 N
1857 2814 1895 2861 0-

396 2905 524 2970 cturno
549 2899 601 2991 (ut
631 2903 674 2968 iu
704 2902 917 2991 Breaiauio).
950 2938 969 2950 -
1002 2900 1044 2969 ln
1076 2899 1139 2969 ΙΙΙ.
1164 2901 1351 2970 Nocturna
1384 2899 1546 2968 Homilia
1572 2898 1610 2967 in
1641 2900 1779 2988 Drang.
1809 2899 1895 2968 Siut

396 3009 507 3077 lumbi
530 3007 576 3077 de
599 3026 729 3076 comm.
756 3005 859 3076 Coni.
884 3027 960 3076 non
985 3007 1090 3075 Pont.
1116 3028 1199 3077 cum
1224 3008 1300 3095 siai.
1326 3007 1371 3075 de
1397 3005 1537 3076 Comm.
1563 3004 1666 3074 Conf.
1693 3006 1796 3075 Pont.

498 3113 555 3182 Ad
579 3113 738 3182 Laudes:
766 3111 972 3200 Capitulum
998 3115 1082 3182 Eece
1105 3116 1269 3183 sacerdos
1293 3135 1446 3200 maanus
1469 3118 1536 3181 etc.
1561 3150 1580 3163 -
1606 3112 1774 3198 Hymnus
1801 3115 1896 3181 Jesu

395 3223 605 3306 Redemptor
633 3223 803 3289 omnium.
834 3259 854 3271 -
886 3223 918 3306 t.
941 3222 1070 3289 Justus
1094 3225 1160 3289 etc.
1185 3259 1204 3270 -
1231 3220 1285 3288 Ad
1310 3219 1532 3288 Benedictus
1555 3218 1638 3288 Ant.
1659 3221 1766 3306 Diae,
1792 3241 1897 3288 serae

393 3329 479 3397 boue
501 3333 567 3397 etc.
585 3365 604 3378 -
630 3326 756 3396 Oratio
780 3330 839 3395 Da
862 3349 1080 3413 quaesumus
1103 3332 1169 3395 eta.
1188 3365 1207 3377 -
1232 3327 1367 3396 Postea
1389 3326 1430 3394 fit
1453 3347 1583 3396 comm.
1609 3324 1848 3396 Octavarum.

498 3434 555 3503 Ad
579 3433 713 3503 Horas:
739 3433 909 3521 Capitula
932 3439 967 3502 et
991 3435 1066 3522 rint.
1092 3439 1290 3503 sumuntur
1313 3435 1357 3503 de
1383 3432 1522 3502 Comm.
1548 3432 1651 3503 Coni.
1677 3433 1781 3502 Pont.

495 3539 677 3629 Vesperae
700 3539 872 3610 dicuntur
888 3539 932 3610 de
950 3539 1235 3610 Circumcisione
1253 3539 1410 3624 Domini,
1436 3539 1515 3610 sine
1539 3539 1897 3611 commemoratione

394 3647 430 3716 S.
456 3646 621 3716 Silvestri
645 3651 681 3716 et
706 3646 938 3717 Octavarum.

497 3862 581 3930 Post
603 3863 748 3930 Festum
773 3862 1062 3930 Circumcisiouis
1087 3865 1246 3946 pouatur
1267 3863 1353 3930 haec
1375 3863 1549 3930 Rubriae:
1581 3859 1618 3930 si
1651 3860 1689 3929 in
1721 3859 1779 3930 die
1816 3861 1898 3930 Cir·

394 3966 639 4052 cumcisionis
662 3973 727 4036 aut
750 3967 787 4036 in
810 3967 1062 4055 sequentibus
1078 3989 1197 4057 usque
1221 3969 1268 4037 ad
1291 3968 1535 4057 Epiphaniam
1559 3967 1747 4052 inclusive,
1764 3966 1899 4038 Domi-

394 4075 477 4144 nica
500 4073 707 4158 occurrerit,
732 4075 777 4143 de
801 4095 845 4143 ea
868 4073 960 4142 nihil
985 4073 1034 4143 tit.

749 4305 934 4374 Dominicis
958 4324 1064 4374 turns
1087 4305 1266 4376 OCTAVAM
1290 4305 1529 4376 Errrflcnlnn.

494 4522 540 4588 Iu
563 4522 610 4590 ΙΙ.
641 4523 810 4604 Vesperis,
831 4541 901 4604 pro
928 4539 1047 4588 comm.
1075 4520 1224 4586 Oetaeae
1250 4523 1321 4588 ioco
1344 4520 1426 4590 Aut.
1450 4519 1583 4589 Tribus
1609 4519 1807 4604 miraculis
1830 4545 1900 4608 po

391 4630 505 4694 uatur
527 4627 608 4696 Aut.
634 4625 728 4714 Magi
751 4625 928 4694 videntes.

493 4845 541 4911 Iu
563 4843 622 4911 die
648 4843 779 4909 Octava
801 4843 1041 4926 Epiphaniae.
1067 4841 1173 4929 Dupl.
1193 4841 1322 4931 majus.

494 4985 550 5052 Aa
581 4985 726 5052 Laudes
756 4985 965 5074 Duatuteae
996 4985 1266 5070 Seuaaesiiaaa,
1295 4986 1365 5052 ioco
1397 4986 1545 5070 quintae
1576 4983 1804 5067 Autiptrouae
1848 4984 1897 5054 In

389 5096 577 5178 tympano,
599 5092 839 5160 substituatur
860 5113 1028 5178 sequeus:
1044 5089 1087 5158 In
1108 5089 1293 5160 excelsis*
1315 5090 1463 5158 laudate
1487 5089 1640 5184 Deum„

493 5234 550 5300 Ad
573 5235 717 5302 Laudes
740 5235 949 5302 Doraiuicae
973 5237 1097 5301 tertiae
1127 5225 1441 5319 Quadrupesiuiae,
1467 5235 1537 5301 ioco
1563 5234 1790 5316 Antiphoaoe
1827 5236 1900 5302 ter·

391 5342 463 5406 tiae
492 5339 593 5409 Deus
618 5338 855 5425 misereatur,
878 5342 1121 5408 substituatur
1142 5361 1310 5426 sequeus:
1334 5338 1512 5408 Adhaesit
1528 5339 1652 5407 anima
1670 5339 1780 5407 mea*
1801 5346 1900 5426 post

389 5451 437 5532 te,
461 5447 562 5516 Deus
585 5468 699 5516 meua.
