4120 6284
352 451 386 508 14
650 454 728 508 Acta
745 451 935 522 Apostoitcae
955 451 1052 506 Sedis.
1072 477 1090 488 -
1112 450 1372 504 Gommtorium
1389 449 1530 514 officiale.

453 639 513 712 36.
545 635 766 714 Curabunt
792 634 922 710 etiam
951 632 1131 732 singulis
1158 631 1342 710 bienniis
1371 631 1527 731 scripto
1554 633 1708 709 referre
1737 656 1846 734 quae

350 766 402 842 de
416 766 534 841 statu
548 763 772 839 domorum
786 760 1081 859 religiosarum
1095 760 1140 834 in
1156 781 1234 836 sua
1249 759 1416 858 regione
1432 761 1585 836 notatu
1600 757 1731 857 digna
1746 759 1844 848 sint,

351 912 460 991 quae
504 886 734 975 laudanda,
758 908 866 986 quae
890 885 1169 974 emendanda,
1195 907 1303 986 quae
1327 887 1565 984 opportune
1611 884 1841 962 statuenda

350 1010 589 1100 videantur;
619 1031 703 1110 quo
734 1010 903 1108 plenius
934 1011 977 1086 et
1006 1009 1219 1086 maturius
1251 1007 1491 1086 Cardinalie
1523 1009 1720 1086 Vicarius
1752 1011 1841 1088 sive

349 1135 439 1234 ipse
459 1156 534 1233 per
554 1155 598 1210 se
618 1134 708 1211 sive
728 1133 774 1209 in
794 1136 1007 1210 conventu
1029 1132 1320 1234 delegatorum
1340 1132 1486 1209 omnia
1506 1131 1776 1232 perpendere,
1799 1132 1842 1207 11

349 1278 457 1356 quae
477 1257 714 1333 necessaria
734 1259 836 1334 sunt
854 1256 997 1334 valeat
1016 1257 1212 1334 statuere.

447 1381 508 1456 37.
526 1381 734 1479 Optamus
749 1379 931 1480 denique
946 1382 995 1458 ut
1009 1381 1384 1469 remunerationes,
1403 1403 1510 1480 quas
1525 1379 1722 1481 religiosa
1736 1380 1841 1456 haec

347 1507 547 1585 instituta
572 1506 729 1584 donare
754 1506 934 1606 singulis
957 1506 1176 1583 mensibus
1200 1506 1268 1582 vel
1294 1507 1419 1583 annis
1443 1505 1590 1582 valent
1615 1503 1838 1582 sacerdoti-

343 1619 422 1698 bus
446 1623 520 1721 qui
545 1623 590 1699 in
614 1625 805 1724 ipsarum
830 1626 990 1704 bonum
1015 1628 1083 1704 vel
1108 1628 1154 1703 in
1174 1628 1420 1704 1111111111
1446 1626 1644 1703 domibus
1670 1648 1837 1702 sacrum

341 1747 628 1827 ministerium
657 1754 865 1842 exercent,
896 1753 942 1829 in
972 1756 1189 1852 posterum
1219 1752 1274 1830 ad
1298 1753 1563 1830 Vicariatum
1593 1752 1833 1838 mittantur,

341 1872 394 1949 ab
417 1896 562 1974 eoque,
589 1899 674 1953 non
698 1900 724 1954 a
747 1878 954 1979 religiosis
972 1878 1236 1968 mulieribus,
1264 1878 1318 1956 iis
1342 1879 1397 1956 ad
1421 1902 1527 1980 quos
1552 1879 1715 1977 spectat
1739 1899 1835 1975 pru-

340 1997 458 2076 denti
476 2000 716 2080 Cardinalis
735 2003 895 2081 Vicarii
911 2004 1070 2082 iudicio
1089 2005 1345 2082 tribuantur.

719 2283 854 2355 Sscrro
878 2287 927 2354 3!
955 2323 972 2336 -
997 2285 1058 2356 De
1079 2289 1247 2368 scholis,
1272 2288 1458 2375 collegiis

635 2413 809 2499 aliisque
832 2413 1082 2483 educationis
1105 2414 1301 2483 laicorum
1325 2413 1540 2481 institutis.

439 2621 500 2695 33.
529 2619 704 2697 Scholae
729 2623 784 2698 ad
804 2621 1084 2699 erudiendam
1108 2622 1263 2701 laicam
1287 2622 1509 2724 utriusque
1536 2645 1661 2700 sexus
1686 2623 1832 2701 iuven-

335 2749 484 2836 tutem,
507 2749 597 2824 tam
617 2747 795 2824 diurnae
815 2770 946 2848 quam
966 2750 1211 2837 nocturnae,
1235 2750 1325 2824 tam
1344 2748 1564 2826 inferiores
1582 2771 1655 2824 seu
1676 2747 1831 2848 prima-

335 2871 422 2948 riae
450 2894 580 2973 quam
609 2872 846 2971 superiores
873 2873 1099 2973 quaelibet,
1132 2873 1284 2974 quovis
1311 2872 1483 2950 nomine
1512 2876 1827 2973 nuncupentur,

335 3019 482 3074 omnes
497 2997 542 3074 in
559 3001 776 3096 posterum
792 2999 1038 3076 auctoritati
1054 3001 1095 3076 et
1108 2998 1393 3078 iurisdictioni
1410 2999 1650 3078 Cardinalis
1668 2997 1829 3078 Vicarii

335 3123 526 3223 proxime
548 3123 765 3201 suberunt.
848 3181 852 3195 .

438 3251 538 3327 Pari
559 3249 684 3326 modo
706 3250 798 3327 eius
820 3250 1066 3327 auctoritati
1087 3251 1278 3350 proxime
1300 3251 1485 3328 obnoxia
1506 3254 1632 3329 erunt
1653 3251 1830 3352 collegia

334 3373 502 3472 aliaque
523 3372 722 3450 instituta
742 3373 787 3448 in
809 3373 965 3474 quibus
986 3373 1095 3451 laica
1115 3373 1338 3474 utriusque
1360 3397 1485 3452 sexus
1506 3374 1709 3453 iuventus
1728 3375 1827 3452 edu-

333 3501 512 3576 cationis
530 3522 659 3576 oausa
676 3499 901 3600 colligitur,
924 3499 1054 3576 salvis
1071 3499 1299 3576 canonicae
1317 3500 1599 3600 exemptionis
1617 3500 1826 3602 religioso-

332 3649 427 3703 rum
448 3626 617 3725 regulis.

212 3737 215 3746 ’
433 3755 493 3828 39.
514 3753 751 3830 0111111111
768 3751 812 3828 vi
831 3751 1066 3851 praesentis
1086 3751 1411 3829 Constitutionis
1431 3754 1473 3828 11
1491 3751 1537 3828 in
1555 3751 1825 3829 Cardinalem

338 3878 552 3955 Vicarium
577 3879 890 3955 transferentur
911 3877 1007 3954 iura
1030 3880 1073 3954 11
1095 3877 1229 3954 officia
1254 3877 1432 3979 quaein
1457 3876 1621 3979 aliquot
1645 3877 1821 3965 scholas,

333 4001 462 4100 asyla,
479 4000 656 4100 collegia
670 4003 714 4078 et
728 3999 800 4101 pia
815 4000 1015 4078 instituta
1030 3999 1251 4101 hucusque
1267 4001 1439 4100 propria
1455 4003 1577 4078 erant
1593 3999 1683 4081 sive
1700 4002 1824 4078 Prae-

331 4122 429 4200 fecti
454 4122 605 4199 domus
631 4121 892 4211 Pontificiae,
921 4121 1009 4198 sive
1033 4122 1252 4199 Antistitis
1277 4145 1303 4199 a
1326 4123 1623 4224 largitionibus
1649 4123 1823 4202 Pontifi-

329 4249 402 4337 cis,
424 4248 512 4326 sive
531 4247 745 4325 Pontificii
763 4250 907 4325 coetus
925 4247 1280 4346 praeservationis
1297 4248 1410 4325 fidei.

430 4375 597 4452 Pariter
614 4374 842 4452 cessabunt
858 4376 901 4451 11
919 4375 964 4449 11
984 4372 1256 4450 Cardinalem
1274 4373 1494 4451 Vicarium
1512 4374 1824 4454 transferentur

333 4494 427 4570 iura
444 4497 486 4570 et
504 4493 637 4571 officia
654 4515 763 4592 quae
781 4494 826 4570 11
844 4493 1007 4592 aliquot
1025 4494 1190 4572 scholas
1211 4495 1337 4573 Urbis
1355 4497 1551 4587 tecnicas,
1569 4499 1635 4574 111
1652 4513 1817 4588 vocant,

331 4624 406 4698 aut
419 4621 704 4722 gymnasiales
719 4621 931 4697 similesve
947 4621 1001 4697 11
1018 4621 1055 4697 S.
1073 4621 1450 4721 Congregationem
1467 4623 1713 4701 Studiorum
1729 4649 1819 4726 per-

331 4747 535 4824 tinebant.

431 4880 490 4951 40.
505 4876 683 4953 Reditus
697 4898 722 4952 a
735 4874 864 4952 Nobis
877 4874 1106 4973 quotannis
1119 4873 1250 4951 tribui
1264 4869 1377 4957 soliti
1391 4875 1445 4952 ad
1459 4875 1613 4953 harum
1627 4878 1818 4955 omnium

330 5001 570 5077 scholarum
606 5002 969 5090 sustentationem,
1006 5001 1163 5099 aliique
1198 5001 1272 5100 qui
1308 5025 1333 5079 a
1363 5003 1541 5102 singulis
1572 5007 1818 5083 memoratis

329 5126 565 5202 Pontificiis
589 5127 777 5203 coetibus
800 5128 867 5203 vel
892 5127 1099 5206 Praelatis
1118 5151 1194 5227 pro
1218 5129 1372 5206 scholis
1396 5153 1470 5208 111
1489 5131 1700 5209 1111111111
1723 5133 1816 5210 111-

328 5253 480 5350 cuique
503 5253 684 5351 propriis
702 5253 1002 5330 detinebantur
1019 5257 1093 5331 aut
1116 5255 1410 5346 offerebantur,
1431 5257 1476 5333 in
1498 5281 1634 5334 unum
1652 5259 1815 5337 collecti

328 5377 587 5454 aCardinali
604 5379 774 5456 Vicario
795 5381 1210 5458 administrabuntur
1229 5384 1351 5460 iuxta
1371 5407 1540 5462 normas
1561 5386 1815 5464 constitutas

322 5501 367 5578 in
391 5503 536 5581 Officio
560 5504 634 5593 IV,
661 5529 709 5583 ac
733 5506 1041 5586 distribuentur
1063 5509 1174 5586 inter
1197 5509 1339 5588 varias
1363 5511 1529 5589 scholas
1552 5514 1594 5590 et
1616 5511 1815 5590 instituta
