<?xml version="1.0" encoding="UTF-8"?>
<!DOCTYPE html PUBLIC "-//W3C//DTD XHTML 1.0 Transitional//EN"
    "http://www.w3.org/TR/xhtml1/DTD/xhtml1-transitional.dtd">
<html xmlns="http://www.w3.org/1999/xhtml" xml:lang="en" lang="en">
 <head>
  <title>
</title>
<meta http-equiv="Content-Type" content="text/html;charset=utf-8" />
  <meta name='ocr-system' content='tesseract 3.04.00' />
  <meta name='ocr-capabilities' content='ocr_page ocr_carea ocr_par ocr_line ocrx_word'/>
</head>
<body>
  <div class='ocr_page' id='page_1' title='image "actaapostolicae00citygoog_0128.png"; bbox 0 0 4038 6274; ppageno 0'>
   <div class='ocr_carea' id='block_1_1' title="bbox 723 519 1020 576">
    <p class='ocr_par' dir='ltr' id='par_1_1' title="bbox 723 519 1020 576">
     <span class='ocr_line' id='line_1_1' title="bbox 723 519 1020 576; baseline 0 -1"><span class='ocrx_word' id='word_1_1' title='bbox 723 519 753 576; x_wconf 82' lang='lat' dir='ltr'>S.</span> <span class='ocrx_word' id='word_1_2' title='bbox 774 521 914 575; x_wconf 70' lang='lat' dir='ltr'>aonam</span> <span class='ocrx_word' id='word_1_3' title='bbox 932 521 1020 575; x_wconf 72' lang='lat' dir='ltr'>Rota.</span> 
     </span>
    </p>
   </div>
   <div class='ocr_carea' id='block_1_2' title="bbox 1569 515 1621 574">
    <p class='ocr_par' dir='ltr' id='par_1_2' title="bbox 1569 515 1621 574">
     <span class='ocr_line' id='line_1_2' title="bbox 1569 515 1621 574; baseline 0.019 -1"><span class='ocrx_word' id='word_1_4' title='bbox 1569 515 1621 574; x_wconf 79' lang='lat' dir='ltr'>faa</span> 
     </span>
    </p>
   </div>
   <div class='ocr_carea' id='block_1_3' title="bbox 1122 613 1577 623">
    <p class='ocr_par' dir='ltr' id='par_1_3' title="bbox 1122 613 1577 623">
     <span class='ocr_line' id='line_1_3' title="bbox 1122 613 1577 623; baseline 0 -1"><span class='ocrx_word' id='word_1_5' title='bbox 1122 615 1237 623; x_wconf 67' lang='lat' dir='ltr'>——n—</span> <span class='ocrx_word' id='word_1_6' title='bbox 1476 613 1577 622; x_wconf 72' lang='lat' dir='ltr'>-——n</span> 
     </span>
    </p>
   </div>
   <div class='ocr_carea' id='block_1_4' title="bbox 124 701 1693 5270">
    <p class='ocr_par' dir='ltr' id='par_1_4' title="bbox 125 701 1620 917">
     <span class='ocr_line' id='line_1_4' title="bbox 128 701 1620 792; baseline 0.002 -25"><span class='ocrx_word' id='word_1_7' title='bbox 128 701 324 772; x_wconf 79' lang='lat' dir='ltr'><strong>«solvebat</strong></span> <span class='ocrx_word' id='word_1_8' title='bbox 348 703 563 792; x_wconf 83' lang='lat' dir='ltr'>pensionem</span> <span class='ocrx_word' id='word_1_9' title='bbox 580 725 740 773; x_wconf 88' lang='lat' dir='ltr'>annuam</span> <span class='ocrx_word' id='word_1_10' title='bbox 768 707 995 774; x_wconf 81' lang='lat' dir='ltr'>scutatorum</span> <span class='ocrx_word' id='word_1_11' title='bbox 1020 703 1144 773; x_wconf 90' lang='lat' dir='ltr'>decem</span> <span class='ocrx_word' id='word_1_12' title='bbox 1161 731 1192 788; x_wconf 88' lang='lat'>»,</span> <span class='ocrx_word' id='word_1_13' title='bbox 1216 708 1252 772; x_wconf 89' lang='lat' dir='ltr'>et</span> <span class='ocrx_word' id='word_1_14' title='bbox 1269 701 1353 772; x_wconf 91' lang='lat' dir='ltr'>dein</span> <span class='ocrx_word' id='word_1_15' title='bbox 1376 702 1468 772; x_wconf 89' lang='lat' dir='ltr'>haec</span> <span class='ocrx_word' id='word_1_16' title='bbox 1490 701 1620 790; x_wconf 90' lang='lat' dir='ltr'>pensio</span> 
     </span>
     <span class='ocr_line' id='line_1_5' title="bbox 125 827 1499 917; baseline 0 -22"><span class='ocrx_word' id='word_1_17' title='bbox 125 827 163 895; x_wconf 88' lang='lat' dir='ltr'>ad</span> <span class='ocrx_word' id='word_1_18' title='bbox 188 827 256 896; x_wconf 90' lang='grc'>100</span> <span class='ocrx_word' id='word_1_19' title='bbox 279 828 390 898; x_wconf 85' lang='lat' dir='ltr'>libell.</span> <span class='ocrx_word' id='word_1_20' title='bbox 415 833 539 899; x_wconf 91' lang='lat' dir='ltr'>evecta</span> <span class='ocrx_word' id='word_1_21' title='bbox 562 829 631 898; x_wconf 90' lang='lat' dir='ltr'>fuit</span> <span class='ocrx_word' id='word_1_22' title='bbox 654 833 831 917; x_wconf 92' lang='lat' dir='ltr'>utsupra</span> <span class='ocrx_word' id='word_1_23' title='bbox 855 829 979 898; x_wconf 91' lang='lat' dir='ltr'>favore</span> <span class='ocrx_word' id='word_1_24' title='bbox 1003 827 1194 916; x_wconf 83' lang='lat' dir='ltr'>paroeciae</span> <span class='ocrx_word' id='word_1_25' title='bbox 1217 827 1288 898; x_wconf 88' lang='lat' dir='ltr'>loci</span> <span class='ocrx_word' id='word_1_26' title='bbox 1314 827 1499 898; x_wconf 90' lang='lat' dir='ltr'>Saocione.</span> 
     </span>
    </p>

    <p class='ocr_par' dir='ltr' id='par_1_5' title="bbox 124 939 1620 2286">
     <span class='ocr_line' id='line_1_6' title="bbox 222 939 1619 1042; baseline -0.001 -22"><span class='ocrx_word' id='word_1_27' title='bbox 222 939 351 1040; x_wconf 83' lang='lat' dir='ltr'>Neque</span> <span class='ocrx_word' id='word_1_28' title='bbox 376 953 496 1022; x_wconf 92' lang='lat' dir='ltr'>visum</span> <span class='ocrx_word' id='word_1_29' title='bbox 519 957 576 1022; x_wconf 90' lang='lat' dir='ltr'>est</span> <span class='ocrx_word' id='word_1_30' title='bbox 598 951 742 1022; x_wconf 81' lang='lat' dir='ltr'><strong>admitti</strong></span> <span class='ocrx_word' id='word_1_31' title='bbox 764 973 874 1042; x_wconf 91' lang='lat' dir='ltr'>posse</span> <span class='ocrx_word' id='word_1_32' title='bbox 898 953 1081 1041; x_wconf 89' lang='lat' dir='ltr'>prolatum</span> <span class='ocrx_word' id='word_1_33' title='bbox 1105 973 1150 1022; x_wconf 91' lang='lat' dir='ltr'>ex</span> <span class='ocrx_word' id='word_1_34' title='bbox 1174 951 1328 1022; x_wconf 90' lang='lat' dir='ltr'>adverso</span> <span class='ocrx_word' id='word_1_35' title='bbox 1363 955 1619 1040; x_wconf 81' lang='lat' dir='ltr'>argumentum</span> 
     </span>
     <span class='ocr_line' id='line_1_7' title="bbox 126 1075 1619 1167; baseline 0.001 -24"><span class='ocrx_word' id='word_1_36' title='bbox 126 1075 164 1143; x_wconf 89' lang='lat' dir='ltr'>ad</span> <span class='ocrx_word' id='word_1_37' title='bbox 188 1077 444 1166; x_wconf 88' lang='lat' dir='ltr'>coarguendas</span> <span class='ocrx_word' id='word_1_38' title='bbox 467 1077 612 1167; x_wconf 89' lang='lat' dir='ltr'>patroni</span> <span class='ocrx_word' id='word_1_39' title='bbox 637 1099 763 1167; x_wconf 82' lang='lat' dir='ltr'>preces</span> <span class='ocrx_word' id='word_1_40' title='bbox 786 1079 832 1147; x_wconf 94' lang='lat' dir='ltr'>de</span> <span class='ocrx_word' id='word_1_41' title='bbox 857 1077 1106 1166; x_wconf 87' lang='lat' dir='ltr'>subreptione,</span> <span class='ocrx_word' id='word_1_42' title='bbox 1123 1099 1167 1148; x_wconf 92' lang='lat' dir='ltr'>eo</span> <span class='ocrx_word' id='word_1_43' title='bbox 1190 1077 1279 1166; x_wconf 92' lang='lat' dir='ltr'>quia</span> <span class='ocrx_word' id='word_1_44' title='bbox 1302 1076 1340 1146; x_wconf 94' lang='lat' dir='ltr'>in</span> <span class='ocrx_word' id='word_1_45' title='bbox 1367 1075 1458 1164; x_wconf 90' lang='lat' dir='ltr'>ipsis</span> <span class='ocrx_word' id='word_1_46' title='bbox 1481 1075 1619 1145; x_wconf 92' lang='lat' dir='ltr'>mentio</span> 
     </span>
     <span class='ocr_line' id='line_1_8' title="bbox 125 1199 1620 1292; baseline 0.001 -24"><span class='ocrx_word' id='word_1_47' title='bbox 125 1220 193 1268; x_wconf 89' lang='lat' dir='ltr'>non</span> <span class='ocrx_word' id='word_1_48' title='bbox 225 1201 381 1271; x_wconf 77' lang='lat' dir='ltr'>recurrit</span> <span class='ocrx_word' id='word_1_49' title='bbox 411 1203 455 1272; x_wconf 92' lang='lat' dir='ltr'>de</span> <span class='ocrx_word' id='word_1_50' title='bbox 479 1202 651 1291; x_wconf 82' lang='lat' dir='ltr'>expensis</span> <span class='ocrx_word' id='word_1_51' title='bbox 682 1223 776 1291; x_wconf 92' lang='lat' dir='ltr'>quas</span> <span class='ocrx_word' id='word_1_52' title='bbox 799 1201 983 1290; x_wconf 79' lang='lat' dir='ltr'>parochus</span> <span class='ocrx_word' id='word_1_53' title='bbox 1011 1202 1082 1272; x_wconf 88' lang='lat' dir='ltr'>loci</span> <span class='ocrx_word' id='word_1_54' title='bbox 1107 1201 1278 1292; x_wconf 87' lang='lat' dir='ltr'>Bagnoro</span> <span class='ocrx_word' id='word_1_55' title='bbox 1306 1201 1408 1272; x_wconf 90' lang='lat' dir='ltr'>obire</span> <span class='ocrx_word' id='word_1_56' title='bbox 1431 1199 1620 1270; x_wconf 88' lang='lat' dir='ltr'>debuisset</span> 
     </span>
     <span class='ocr_line' id='line_1_9' title="bbox 125 1323 1620 1415; baseline 0.001 -24"><span class='ocrx_word' id='word_1_57' title='bbox 125 1343 184 1410; x_wconf 93' lang='lat' dir='ltr'>pro</span> <span class='ocrx_word' id='word_1_58' title='bbox 208 1325 490 1396; x_wconf 88' lang='lat' dir='ltr'>manutentione</span> <span class='ocrx_word' id='word_1_59' title='bbox 514 1326 693 1415; x_wconf 88' lang='lat' dir='ltr'>capellani</span> <span class='ocrx_word' id='word_1_60' title='bbox 710 1325 954 1396; x_wconf 89' lang='lat' dir='ltr'>residentialis</span> <span class='ocrx_word' id='word_1_61' title='bbox 978 1326 1014 1396; x_wconf 92' lang='lat' dir='ltr'>in</span> <span class='ocrx_word' id='word_1_62' title='bbox 1040 1346 1239 1415; x_wconf 88' lang='lat' dir='ltr'>suppressa</span> <span class='ocrx_word' id='word_1_63' title='bbox 1262 1324 1432 1414; x_wconf 85' lang='lat' dir='ltr'>paroecia</span> <span class='ocrx_word' id='word_1_64' title='bbox 1454 1323 1525 1394; x_wconf 95' lang='lat' dir='ltr'>loci</span> <span class='ocrx_word' id='word_1_65' title='bbox 1550 1325 1620 1394; x_wconf 91' lang='grc' dir='ltr'>Μο-</span> 
     </span>
     <span class='ocr_line' id='line_1_10' title="bbox 126 1447 1619 1539; baseline 0.002 -24"><span class='ocrx_word' id='word_1_66' title='bbox 126 1447 268 1518; x_wconf 90' lang='lat' dir='ltr'>nistero.</span> <span class='ocrx_word' id='word_1_67' title='bbox 309 1451 402 1520; x_wconf 89' lang='lat' dir='ltr'>Nam</span> <span class='ocrx_word' id='word_1_68' title='bbox 425 1450 496 1521; x_wconf 94' lang='lat' dir='ltr'>hoc</span> <span class='ocrx_word' id='word_1_69' title='bbox 527 1449 707 1539; x_wconf 88' lang='lat' dir='ltr'>capellani</span> <span class='ocrx_word' id='word_1_70' title='bbox 731 1470 827 1520; x_wconf 92' lang='lat' dir='ltr'>onus</span> <span class='ocrx_word' id='word_1_71' title='bbox 854 1471 974 1539; x_wconf 91' lang='lat' dir='ltr'>neque</span> <span class='ocrx_word' id='word_1_72' title='bbox 1001 1449 1106 1519; x_wconf 89' lang='lat' dir='ltr'>initio</span> <span class='ocrx_word' id='word_1_73' title='bbox 1135 1448 1406 1520; x_wconf 85' lang='lat' dir='ltr'>consecutionis</span> <span class='ocrx_word' id='word_1_74' title='bbox 1429 1447 1619 1537; x_wconf 89' lang='lat' dir='ltr'>paroeciae</span> 
     </span>
     <span class='ocr_line' id='line_1_11' title="bbox 125 1571 1619 1663; baseline 0.002 -24"><span class='ocrx_word' id='word_1_75' title='bbox 125 1571 333 1660; x_wconf 88' lang='lat' dir='ltr'>impositum</span> <span class='ocrx_word' id='word_1_76' title='bbox 366 1575 485 1644; x_wconf 90' lang='lat' dir='ltr'>iuerat</span> <span class='ocrx_word' id='word_1_77' title='bbox 514 1575 676 1663; x_wconf 85' lang='lat' dir='ltr'>parocho</span> <span class='ocrx_word' id='word_1_78' title='bbox 709 1573 874 1660; x_wconf 87' lang='lat' dir='ltr'>Cardeti,</span> <span class='ocrx_word' id='word_1_79' title='bbox 905 1595 1024 1663; x_wconf 91' lang='lat' dir='ltr'>neque</span> <span class='ocrx_word' id='word_1_80' title='bbox 1056 1573 1094 1644; x_wconf 94' lang='lat' dir='ltr'>in</span> <span class='ocrx_word' id='word_1_81' title='bbox 1124 1579 1329 1663; x_wconf 89' lang='lat' dir='ltr'>posterum,</span> <span class='ocrx_word' id='word_1_82' title='bbox 1360 1571 1509 1661; x_wconf 90' lang='lat' dir='ltr'>quando</span> <span class='ocrx_word' id='word_1_83' title='bbox 1541 1571 1619 1660; x_wconf 90' lang='lat' dir='ltr'>ipse</span> 
     </span>
     <span class='ocr_line' id='line_1_12' title="bbox 124 1696 1619 1788; baseline 0.001 -24"><span class='ocrx_word' id='word_1_84' title='bbox 124 1717 177 1765; x_wconf 86' lang='lat' dir='ltr'>an.</span> <span class='ocrx_word' id='word_1_85' title='bbox 204 1698 293 1768; x_wconf 83' lang='lat'>1889</span> <span class='ocrx_word' id='word_1_86' title='bbox 314 1698 448 1769; x_wconf 88' lang='lat' dir='ltr'>locavit</span> <span class='ocrx_word' id='word_1_87' title='bbox 477 1700 578 1770; x_wconf 89' lang='lat' dir='ltr'>bona</span> <span class='ocrx_word' id='word_1_88' title='bbox 608 1719 829 1788; x_wconf 85' lang='lat' dir='ltr'>suppressae</span> <span class='ocrx_word' id='word_1_89' title='bbox 861 1699 1052 1788; x_wconf 86' lang='lat' dir='ltr'>paroeciae</span> <span class='ocrx_word' id='word_1_90' title='bbox 1083 1700 1121 1768; x_wconf 94' lang='lat' dir='ltr'>in</span> <span class='ocrx_word' id='word_1_91' title='bbox 1144 1697 1277 1768; x_wconf 92' lang='lat' dir='ltr'>libellis</span> <span class='ocrx_word' id='word_1_92' title='bbox 1307 1697 1442 1767; x_wconf 91' lang='lat' dir='ltr'>annuis</span> <span class='ocrx_word' id='word_1_93' title='bbox 1464 1696 1541 1781; x_wconf 77' lang='grc'><strong>400,</strong></span> <span class='ocrx_word' id='word_1_94' title='bbox 1565 1696 1619 1765; x_wconf 92' lang='lat' dir='ltr'>uti</span> 
     </span>
     <span class='ocr_line' id='line_1_13' title="bbox 124 1821 1619 1914; baseline -0.001 -23"><span class='ocrx_word' id='word_1_95' title='bbox 124 1843 163 1892; x_wconf 88' lang='lat' dir='ltr'>ex</span> <span class='ocrx_word' id='word_1_96' title='bbox 191 1823 350 1913; x_wconf 88' lang='lat' dir='ltr'>allegata</span> <span class='ocrx_word' id='word_1_97' title='bbox 380 1823 574 1896; x_wconf 89' lang='lat' dir='ltr'>locationis</span> <span class='ocrx_word' id='word_1_98' title='bbox 612 1824 821 1914; x_wconf 85' lang='lat' dir='ltr'>syngrapha</span> <span class='ocrx_word' id='word_1_99' title='bbox 859 1823 1008 1896; x_wconf 89' lang='lat' dir='ltr'>eruitur.</span> <span class='ocrx_word' id='word_1_100' title='bbox 1049 1825 1163 1914; x_wconf 81' lang='lat' dir='ltr'>Igitur</span> <span class='ocrx_word' id='word_1_101' title='bbox 1193 1824 1238 1894; x_wconf 91' lang='lat' dir='ltr'>de</span> <span class='ocrx_word' id='word_1_102' title='bbox 1268 1822 1338 1892; x_wconf 94' lang='lat' dir='ltr'>hoc</span> <span class='ocrx_word' id='word_1_103' title='bbox 1369 1842 1480 1892; x_wconf 87' lang='lat' dir='ltr'>onere</span> <span class='ocrx_word' id='word_1_104' title='bbox 1517 1821 1619 1909; x_wconf 94' lang='lat' dir='ltr'>loqui</span> 
     </span>
     <span class='ocr_line' id='line_1_14' title="bbox 124 1943 1619 2038; baseline -0.003 -21"><span class='ocrx_word' id='word_1_105' title='bbox 124 1968 270 2018; x_wconf 89' lang='lat' dir='ltr'>necesse</span> <span class='ocrx_word' id='word_1_106' title='bbox 301 1969 377 2018; x_wconf 95' lang='lat' dir='ltr'>non</span> <span class='ocrx_word' id='word_1_107' title='bbox 408 1955 486 2019; x_wconf 89' lang='lat' dir='ltr'>erat</span> <span class='ocrx_word' id='word_1_108' title='bbox 516 1947 555 2018; x_wconf 93' lang='lat' dir='ltr'>in</span> <span class='ocrx_word' id='word_1_109' title='bbox 585 1947 692 2019; x_wconf 88' lang='lat' dir='ltr'>dictis</span> <span class='ocrx_word' id='word_1_110' title='bbox 722 1949 904 2038; x_wconf 89' lang='lat' dir='ltr'>precibus,</span> <span class='ocrx_word' id='word_1_111' title='bbox 936 1969 980 2018; x_wconf 92' lang='lat' dir='ltr'>eo</span> <span class='ocrx_word' id='word_1_112' title='bbox 1012 1950 1071 2018; x_wconf 92' lang='lat' dir='ltr'>vel</span> <span class='ocrx_word' id='word_1_113' title='bbox 1102 1947 1218 2037; x_wconf 88' lang='lat' dir='ltr'>magis</span> <span class='ocrx_word' id='word_1_114' title='bbox 1249 1947 1335 2036; x_wconf 91' lang='lat' dir='ltr'>quia</span> <span class='ocrx_word' id='word_1_115' title='bbox 1365 1945 1404 2017; x_wconf 93' lang='lat' dir='ltr'>in</span> <span class='ocrx_word' id='word_1_116' title='bbox 1434 1943 1619 2015; x_wconf 87' lang='lat' dir='ltr'>eventuali</span> 
     </span>
     <span class='ocr_line' id='line_1_15' title="bbox 125 2071 1619 2162; baseline -0.003 -20"><span class='ocrx_word' id='word_1_117' title='bbox 125 2072 262 2143; x_wconf 88' lang='lat' dir='ltr'>adiecta</span> <span class='ocrx_word' id='word_1_118' title='bbox 292 2073 515 2162; x_wconf 82' lang='lat' dir='ltr'>obligatione</span> <span class='ocrx_word' id='word_1_119' title='bbox 545 2074 684 2144; x_wconf 89' lang='lat' dir='ltr'>reditus</span> <span class='ocrx_word' id='word_1_120' title='bbox 712 2094 757 2143; x_wconf 92' lang='lat' dir='ltr'>ex</span> <span class='ocrx_word' id='word_1_121' title='bbox 788 2073 987 2144; x_wconf 88' lang='lat' dir='ltr'>enunciata</span> <span class='ocrx_word' id='word_1_122' title='bbox 1016 2073 1198 2144; x_wconf 89' lang='lat' dir='ltr'>locatione</span> <span class='ocrx_word' id='word_1_123' title='bbox 1229 2071 1454 2161; x_wconf 87' lang='lat' dir='ltr'>profluentes</span> <span class='ocrx_word' id='word_1_124' title='bbox 1485 2091 1619 2159; x_wconf 91' lang='lat' dir='ltr'>expen-</span> 
     </span>
     <span class='ocr_line' id='line_1_16' title="bbox 124 2196 1128 2286; baseline 0 -20"><span class='ocrx_word' id='word_1_125' title='bbox 124 2218 180 2266; x_wconf 85' lang='lat' dir='ltr'>sas</span> <span class='ocrx_word' id='word_1_126' title='bbox 208 2218 276 2285; x_wconf 92' lang='lat' dir='ltr'>pro</span> <span class='ocrx_word' id='word_1_127' title='bbox 308 2196 487 2285; x_wconf 90' lang='lat' dir='ltr'>capellani</span> <span class='ocrx_word' id='word_1_128' title='bbox 517 2197 795 2267; x_wconf 91' lang='lat' dir='ltr'>manutentione</span> <span class='ocrx_word' id='word_1_129' title='bbox 827 2197 1128 2286; x_wconf 88' lang='lat' dir='ltr'>compensabant.</span> 
     </span>
    </p>

    <p class='ocr_par' dir='ltr' id='par_1_6' title="bbox 127 2321 1619 4383">
     <span class='ocr_line' id='line_1_17' title="bbox 222 2321 1619 2412; baseline -0.001 -22"><span class='ocrx_word' id='word_1_130' title='bbox 222 2322 350 2412; x_wconf 88' lang='lat' dir='ltr'>Neque</span> <span class='ocrx_word' id='word_1_131' title='bbox 381 2323 468 2392; x_wconf 93' lang='lat' dir='ltr'>item</span> <span class='ocrx_word' id='word_1_132' title='bbox 498 2321 536 2391; x_wconf 93' lang='lat' dir='ltr'>in</span> <span class='ocrx_word' id='word_1_133' title='bbox 566 2321 728 2392; x_wconf 86' lang='lat' dir='ltr'>themate</span> <span class='ocrx_word' id='word_1_134' title='bbox 759 2321 831 2392; x_wconf 91' lang='lat' dir='ltr'>dici</span> <span class='ocrx_word' id='word_1_135' title='bbox 863 2327 983 2410; x_wconf 86' lang='lat' dir='ltr'>potest</span> <span class='ocrx_word' id='word_1_136' title='bbox 1014 2321 1175 2392; x_wconf 87' lang='lat' dir='ltr'>defuisse</span> <span class='ocrx_word' id='word_1_137' title='bbox 1205 2321 1357 2411; x_wconf 88' lang='lat' dir='ltr'>parochi</span> <span class='ocrx_word' id='word_1_138' title='bbox 1385 2341 1619 2404; x_wconf 89' lang='lat' dir='ltr'>consensum,</span> 
     </span>
     <span class='ocr_line' id='line_1_18' title="bbox 127 2444 1619 2534; baseline 0 -22"><span class='ocrx_word' id='word_1_139' title='bbox 127 2463 188 2513; x_wconf 86' lang='lat' dir='ltr'>eeu</span> <span class='ocrx_word' id='word_1_140' title='bbox 217 2444 256 2514; x_wconf 89' lang='lat' dir='ltr'>in</span> <span class='ocrx_word' id='word_1_141' title='bbox 288 2445 438 2534; x_wconf 88' lang='lat' dir='ltr'>praevia</span> <span class='ocrx_word' id='word_1_142' title='bbox 475 2445 734 2517; x_wconf 83' lang='lat' dir='ltr'>informatione</span> <span class='ocrx_word' id='word_1_143' title='bbox 766 2445 983 2516; x_wconf 88' lang='lat' dir='ltr'>Ordinarius</span> <span class='ocrx_word' id='word_1_144' title='bbox 1015 2445 1189 2516; x_wconf 85' lang='lat' dir='ltr'>Aretiuus</span> <span class='ocrx_word' id='word_1_145' title='bbox 1219 2451 1376 2516; x_wconf 89' lang='lat' dir='ltr'>testatus</span> <span class='ocrx_word' id='word_1_146' title='bbox 1407 2449 1463 2515; x_wconf 90' lang='lat' dir='ltr'>est</span> <span class='ocrx_word' id='word_1_147' title='bbox 1492 2464 1619 2533; x_wconf 91' lang='lat' dir='ltr'>preces</span> 
     </span>
     <span class='ocr_line' id='line_1_19' title="bbox 127 2565 1619 2657; baseline -0.001 -21"><span class='ocrx_word' id='word_1_148' title='bbox 127 2568 265 2654; x_wconf 86' lang='lat' dir='ltr'>patroni</span> <span class='ocrx_word' id='word_1_149' title='bbox 299 2568 453 2640; x_wconf 91' lang='lat' dir='ltr'>Centeni</span> <span class='ocrx_word' id='word_1_150' title='bbox 492 2569 795 2640; x_wconf 86' lang='lat' dir='ltr'>commendando.</span> <span class='ocrx_word' id='word_1_151' title='bbox 829 2569 870 2639; x_wconf 92' lang='lat' dir='ltr'>ld</span> <span class='ocrx_word' id='word_1_152' title='bbox 900 2569 1055 2640; x_wconf 91' lang='lat' dir='ltr'>ulterius</span> <span class='ocrx_word' id='word_1_153' title='bbox 1093 2568 1247 2639; x_wconf 88' lang='lat' dir='ltr'>resultat</span> <span class='ocrx_word' id='word_1_154' title='bbox 1277 2590 1322 2639; x_wconf 84' lang='lat' dir='ltr'>ex</span> <span class='ocrx_word' id='word_1_155' title='bbox 1352 2567 1503 2657; x_wconf 88' lang='lat' dir='ltr'>parochi</span> <span class='ocrx_word' id='word_1_156' title='bbox 1535 2565 1619 2636; x_wconf 88' lang='lat' dir='ltr'>Car·</span> 
     </span>
     <span class='ocr_line' id='line_1_20' title="bbox 130 2691 1619 2782; baseline -0.001 -22"><span class='ocrx_word' id='word_1_157' title='bbox 130 2691 198 2762; x_wconf 90' lang='lat' dir='ltr'>deti</span> <span class='ocrx_word' id='word_1_158' title='bbox 226 2693 474 2764; x_wconf 88' lang='lat' dir='ltr'>declaratione</span> <span class='ocrx_word' id='word_1_159' title='bbox 505 2693 642 2764; x_wconf 89' lang='lat' dir='ltr'>emissa</span> <span class='ocrx_word' id='word_1_160' title='bbox 672 2701 757 2764; x_wconf 87' lang='lat' dir='ltr'>ante</span> <span class='ocrx_word' id='word_1_161' title='bbox 787 2693 926 2782; x_wconf 85' lang='lat' dir='ltr'>gratiae</span> <span class='ocrx_word' id='word_1_162' title='bbox 957 2693 1251 2777; x_wconf 90' lang='lat' dir='ltr'>concessionem,</span> <span class='ocrx_word' id='word_1_163' title='bbox 1282 2713 1377 2781; x_wconf 90' lang='lat' dir='ltr'>quae</span> <span class='ocrx_word' id='word_1_164' title='bbox 1408 2692 1459 2761; x_wconf 92' lang='lat' dir='ltr'>ita</span> <span class='ocrx_word' id='word_1_165' title='bbox 1490 2695 1619 2761; x_wconf 90' lang='lat' dir='ltr'>sonat:</span> 
     </span>
     <span class='ocr_line' id='line_1_21' title="bbox 130 2815 1619 2908; baseline -0.001 -22"><span class='ocrx_word' id='word_1_166' title='bbox 130 2843 146 2876; x_wconf 88' lang='lat'>‹</span> <span class='ocrx_word' id='word_1_167' title='bbox 162 2815 261 2887; x_wconf 87' lang='lat' dir='ltr'>Colla</span> <span class='ocrx_word' id='word_1_168' title='bbox 284 2824 454 2908; x_wconf 90' lang='lat' dir='ltr'>presente</span> <span class='ocrx_word' id='word_1_169' title='bbox 477 2817 527 2887; x_wconf 94' lang='lat' dir='ltr'>mi</span> <span class='ocrx_word' id='word_1_170' title='bbox 552 2817 700 2908; x_wconf 90' lang='lat' dir='ltr'>obbligo</span> <span class='ocrx_word' id='word_1_171' title='bbox 725 2817 761 2888; x_wconf 94' lang='lat' dir='ltr'>di</span> <span class='ocrx_word' id='word_1_172' title='bbox 778 2822 875 2888; x_wconf 88' lang='lat' dir='ltr'>stare</span> <span class='ocrx_word' id='word_1_173' title='bbox 892 2818 1046 2888; x_wconf 83' lang='lat' dir='ltr'>all’esito</span> <span class='ocrx_word' id='word_1_174' title='bbox 1066 2817 1160 2887; x_wconf 91' lang='lat' dir='ltr'>delle</span> <span class='ocrx_word' id='word_1_175' title='bbox 1175 2817 1305 2888; x_wconf 90' lang='lat' dir='ltr'>ridette</span> <span class='ocrx_word' id='word_1_176' title='bbox 1321 2817 1430 2906; x_wconf 88' lang='lat' dir='ltr'>preci,</span> <span class='ocrx_word' id='word_1_177' title='bbox 1446 2822 1619 2887; x_wconf 89' lang='lat' dir='ltr'>contento</span> 
     </span>
     <span class='ocr_line' id='line_1_22' title="bbox 132 2941 1619 3032; baseline -0.001 -21"><span class='ocrx_word' id='word_1_178' title='bbox 132 2970 148 3002; x_wconf 83' lang='lat'><strong>«</strong></span> <span class='ocrx_word' id='word_1_179' title='bbox 163 2943 224 3012; x_wconf 89' lang='lat' dir='ltr'>che</span> <span class='ocrx_word' id='word_1_180' title='bbox 247 2943 284 3013; x_wconf 86' lang='lat' dir='ltr'>la</span> <span class='ocrx_word' id='word_1_181' title='bbox 305 2943 537 3032; x_wconf 86' lang='lat' dir='ltr'>prestazione</span> <span class='ocrx_word' id='word_1_182' title='bbox 561 2943 598 3013; x_wconf 92' lang='lat' dir='ltr'>di</span> <span class='ocrx_word' id='word_1_183' title='bbox 622 2943 681 3013; x_wconf 91' lang='lat' dir='ltr'>cui</span> <span class='ocrx_word' id='word_1_184' title='bbox 704 2964 825 3032; x_wconf 91' lang='lat' dir='ltr'>sopra,</span> <span class='ocrx_word' id='word_1_185' title='bbox 856 2943 995 3032; x_wconf 87' lang='lat' dir='ltr'>goduta</span> <span class='ocrx_word' id='word_1_186' title='bbox 1029 2942 1080 3011; x_wconf 92' lang='lat' dir='ltr'>fin</span> <span class='ocrx_word' id='word_1_187' title='bbox 1115 2942 1178 3031; x_wconf 92' lang='lat' dir='ltr'>qui</span> <span class='ocrx_word' id='word_1_188' title='bbox 1213 2943 1310 3013; x_wconf 90' lang='lat' dir='ltr'>dalla</span> <span class='ocrx_word' id='word_1_189' title='bbox 1344 2941 1558 3031; x_wconf 87' lang='lat' dir='ltr'>parroccbia</span> <span class='ocrx_word' id='word_1_190' title='bbox 1582 2941 1619 3010; x_wconf 95' lang='lat' dir='ltr'>di</span> 
     </span>
     <span class='ocr_line' id='line_1_23' title="bbox 133 3065 1619 3158; baseline 0.001 -24"><span class='ocrx_word' id='word_1_191' title='bbox 133 3065 340 3156; x_wconf 84' lang='lat' dir='ltr'>‹Bagnoro,</span> <span class='ocrx_word' id='word_1_192' title='bbox 363 3089 481 3158; x_wconf 86' lang='lat' dir='ltr'>vengu</span> <span class='ocrx_word' id='word_1_193' title='bbox 514 3067 699 3138; x_wconf 84' lang='lat' dir='ltr'>rilasciata</span> <span class='ocrx_word' id='word_1_194' title='bbox 721 3088 744 3137; x_wconf 90' lang='lat' dir='ltr'>a</span> <span class='ocrx_word' id='word_1_195' title='bbox 767 3069 892 3138; x_wconf 88' lang='lat' dir='ltr'>favore</span> <span class='ocrx_word' id='word_1_196' title='bbox 916 3067 1013 3138; x_wconf 89' lang='lat' dir='ltr'>della</span> <span class='ocrx_word' id='word_1_197' title='bbox 1034 3069 1201 3156; x_wconf 85' lang='lat' dir='ltr'>predetta</span> <span class='ocrx_word' id='word_1_198' title='bbox 1224 3067 1348 3138; x_wconf 90' lang='lat' dir='ltr'>chiesa</span> <span class='ocrx_word' id='word_1_199' title='bbox 1371 3067 1408 3137; x_wconf 91' lang='lat' dir='ltr'>di</span> <span class='ocrx_word' id='word_1_200' title='bbox 1433 3067 1619 3150; x_wconf 86' lang='lat' dir='ltr'>Saccione,</span> 
     </span>
     <span class='ocr_line' id='line_1_24' title="bbox 133 3191 1619 3282; baseline 0.001 -22"><span class='ocrx_word' id='word_1_201' title='bbox 133 3219 149 3250; x_wconf 83' lang='lat'><strong>«</strong></span> <span class='ocrx_word' id='word_1_202' title='bbox 163 3192 342 3263; x_wconf 84' lang='lat' dir='ltr'>conforme</span> <span class='ocrx_word' id='word_1_203' title='bbox 366 3213 389 3261; x_wconf 89' lang='lat' dir='ltr'>a</span> <span class='ocrx_word' id='word_1_204' title='bbox 412 3191 468 3262; x_wconf 83' lang='lat' dir='ltr'>cib</span> <span class='ocrx_word' id='word_1_205' title='bbox 491 3191 628 3282; x_wconf 91' lang='lat' dir='ltr'>prestai</span> <span class='ocrx_word' id='word_1_206' title='bbox 652 3192 739 3282; x_wconf 90' lang='lat' dir='ltr'>ogni</span> <span class='ocrx_word' id='word_1_207' title='bbox 762 3196 971 3281; x_wconf 92' lang='lat' dir='ltr'>opportuno</span> <span class='ocrx_word' id='word_1_208' title='bbox 996 3212 1177 3262; x_wconf 89' lang='lat' dir='ltr'>consenso</span> <span class='ocrx_word' id='word_1_209' title='bbox 1201 3192 1387 3262; x_wconf 89' lang='lat' dir='ltr'>nell’invio</span> <span class='ocrx_word' id='word_1_210' title='bbox 1412 3192 1505 3262; x_wconf 92' lang='lat' dir='ltr'>delle</span> <span class='ocrx_word' id='word_1_211' title='bbox 1529 3213 1619 3262; x_wconf 92' lang='lat' dir='ltr'>ram-</span> 
     </span>
     <span class='ocr_line' id='line_1_25' title="bbox 133 3315 1618 3406; baseline 0.003 -23"><span class='ocrx_word' id='word_1_212' title='bbox 133 3321 315 3386; x_wconf 85' lang='lat' dir='ltr'>‹mentate</span> <span class='ocrx_word' id='word_1_213' title='bbox 339 3316 438 3405; x_wconf 89' lang='lat' dir='ltr'>preci</span> <span class='ocrx_word' id='word_1_214' title='bbox 453 3345 483 3385; x_wconf 87' lang='lat'>».</span> <span class='ocrx_word' id='word_1_215' title='bbox 509 3317 634 3406; x_wconf 88' lang='lat' dir='ltr'>Neque</span> <span class='ocrx_word' id='word_1_216' title='bbox 659 3315 797 3404; x_wconf 90' lang='lat' dir='ltr'>aliquid</span> <span class='ocrx_word' id='word_1_217' title='bbox 820 3317 1025 3406; x_wconf 84' lang='lat' dir='ltr'>refragatur</span> <span class='ocrx_word' id='word_1_218' title='bbox 1048 3317 1159 3406; x_wconf 93' lang='lat' dir='ltr'>quod,</span> <span class='ocrx_word' id='word_1_219' title='bbox 1177 3316 1326 3405; x_wconf 91' lang='lat' dir='ltr'>quando</span> <span class='ocrx_word' id='word_1_220' title='bbox 1345 3316 1405 3386; x_wconf 95' lang='lat' dir='ltr'>hic</span> <span class='ocrx_word' id='word_1_221' title='bbox 1420 3316 1618 3406; x_wconf 90' lang='lat' dir='ltr'>praestitus</span> 
     </span>
     <span class='ocr_line' id='line_1_26' title="bbox 133 3437 1618 3529; baseline 0.003 -24"><span class='ocrx_word' id='word_1_222' title='bbox 133 3437 193 3506; x_wconf 88' lang='lat' dir='ltr'>fuit</span> <span class='ocrx_word' id='word_1_223' title='bbox 207 3460 418 3524; x_wconf 90' lang='lat' dir='ltr'>consensus,</span> <span class='ocrx_word' id='word_1_224' title='bbox 432 3440 615 3529; x_wconf 90' lang='lat' dir='ltr'>parochus</span> <span class='ocrx_word' id='word_1_225' title='bbox 632 3439 777 3510; x_wconf 86' lang='lat' dir='ltr'>Cardeti</span> <span class='ocrx_word' id='word_1_226' title='bbox 794 3447 874 3510; x_wconf 88' lang='lat' dir='ltr'>erat</span> <span class='ocrx_word' id='word_1_227' title='bbox 888 3445 1031 3510; x_wconf 84' lang='lat' dir='ltr'>tantum</span> <span class='ocrx_word' id='word_1_228' title='bbox 1057 3440 1240 3528; x_wconf 88' lang='lat' dir='ltr'>parochus</span> <span class='ocrx_word' id='word_1_229' title='bbox 1259 3440 1398 3511; x_wconf 89' lang='lat' dir='ltr'>electus</span> <span class='ocrx_word' id='word_1_230' title='bbox 1414 3461 1481 3510; x_wconf 92' lang='lat' dir='ltr'>seu</span> <span class='ocrx_word' id='word_1_231' title='bbox 1497 3440 1618 3511; x_wconf 90' lang='lat' dir='ltr'>adhuc</span> 
     </span>
     <span class='ocr_line' id='line_1_27' title="bbox 134 3564 1617 3655; baseline 0.003 -24"><span class='ocrx_word' id='word_1_232' title='bbox 134 3583 248 3634; x_wconf 88' lang='lat' dir='ltr'>carens</span> <span class='ocrx_word' id='word_1_233' title='bbox 270 3564 500 3636; x_wconf 86' lang='lat' dir='ltr'>institutione</span> <span class='ocrx_word' id='word_1_234' title='bbox 536 3565 724 3651; x_wconf 91' lang='lat' dir='ltr'>canonica,</span> <span class='ocrx_word' id='word_1_235' title='bbox 747 3585 835 3635; x_wconf 90' lang='lat' dir='ltr'>nam</span> <span class='ocrx_word' id='word_1_236' title='bbox 858 3571 900 3634; x_wconf 95' lang='lat' dir='ltr'>ut</span> <span class='ocrx_word' id='word_1_237' title='bbox 923 3565 994 3636; x_wconf 92' lang='lat' dir='ltr'>dici</span> <span class='ocrx_word' id='word_1_238' title='bbox 1021 3565 1192 3636; x_wconf 86' lang='lat' dir='ltr'>usuvenit</span> <span class='ocrx_word' id='word_1_239' title='bbox 1225 3565 1408 3654; x_wconf 90' lang='lat' dir='ltr'>praestitit</span> <span class='ocrx_word' id='word_1_240' title='bbox 1430 3587 1529 3635; x_wconf 78' lang='lat' dir='ltr'>nono</span> <span class='ocrx_word' id='word_1_241' title='bbox 1551 3581 1617 3655; x_wconf 88' lang='lat' dir='ltr'>pro</span> 
     </span>
     <span class='ocr_line' id='line_1_28' title="bbox 133 3688 1619 3776; baseline 0.005 -25"><span class='ocrx_word' id='word_1_242' title='bbox 133 3691 223 3756; x_wconf 82' lang='lat' dir='ltr'>tono:</span> <span class='ocrx_word' id='word_1_243' title='bbox 245 3689 393 3758; x_wconf 85' lang='lat' dir='ltr'>aliunde</span> <span class='ocrx_word' id='word_1_244' title='bbox 409 3690 454 3760; x_wconf 92' lang='lat' dir='ltr'>de</span> <span class='ocrx_word' id='word_1_245' title='bbox 471 3689 551 3758; x_wconf 90' lang='lat' dir='ltr'>eius</span> <span class='ocrx_word' id='word_1_246' title='bbox 575 3688 807 3759; x_wconf 85' lang='lat' dir='ltr'>revocatione</span> <span class='ocrx_word' id='word_1_247' title='bbox 830 3695 915 3776; x_wconf 91' lang='lat' dir='ltr'>post</span> <span class='ocrx_word' id='word_1_248' title='bbox 937 3689 1127 3759; x_wconf 91' lang='lat' dir='ltr'>obtentam</span> <span class='ocrx_word' id='word_1_249' title='bbox 1152 3688 1419 3758; x_wconf 87' lang='lat' dir='ltr'>institutionem</span> <span class='ocrx_word' id='word_1_250' title='bbox 1442 3709 1518 3758; x_wconf 92' lang='lat' dir='ltr'>non</span> <span class='ocrx_word' id='word_1_251' title='bbox 1534 3709 1619 3760; x_wconf 91' lang='lat' dir='ltr'>con-</span> 
     </span>
     <span class='ocr_line' id='line_1_29' title="bbox 133 3812 1617 3902; baseline 0.005 -25"><span class='ocrx_word' id='word_1_252' title='bbox 133 3816 206 3896; x_wconf 84' lang='lat' dir='ltr'>stat,</span> <span class='ocrx_word' id='word_1_253' title='bbox 228 3833 308 3882; x_wconf 90' lang='lat' dir='ltr'>cum</span> <span class='ocrx_word' id='word_1_254' title='bbox 332 3814 412 3902; x_wconf 89' lang='lat' dir='ltr'>ipse</span> <span class='ocrx_word' id='word_1_255' title='bbox 435 3812 644 3901; x_wconf 90' lang='lat' dir='ltr'>nuperrime</span> <span class='ocrx_word' id='word_1_256' title='bbox 680 3812 919 3883; x_wconf 88' lang='lat' dir='ltr'>declaraverit</span> <span class='ocrx_word' id='word_1_257' title='bbox 953 3813 1119 3882; x_wconf 90' lang='lat' dir='ltr'>animum</span> <span class='ocrx_word' id='word_1_258' title='bbox 1149 3813 1325 3883; x_wconf 89' lang='lat' dir='ltr'>habuisse</span> <span class='ocrx_word' id='word_1_259' title='bbox 1358 3813 1617 3884; x_wconf 83' lang='lat' dir='ltr'>tantummodo</span> 
     </span>
     <span class='ocr_line' id='line_1_30' title="bbox 132 3937 1617 4026; baseline 0.004 -24"><span class='ocrx_word' id='word_1_260' title='bbox 132 3938 348 4022; x_wconf 88' lang='lat' dir='ltr'>retractandi,</span> <span class='ocrx_word' id='word_1_261' title='bbox 371 3959 460 4008; x_wconf 83' lang='lat' dir='ltr'>casu</span> <span class='ocrx_word' id='word_1_262' title='bbox 484 3959 558 4026; x_wconf 95' lang='lat' dir='ltr'>quo</span> <span class='ocrx_word' id='word_1_263' title='bbox 583 3937 834 4026; x_wconf 86' lang='lat' dir='ltr'>Apostolicum</span> <span class='ocrx_word' id='word_1_264' title='bbox 859 3937 1043 4008; x_wconf 90' lang='lat' dir='ltr'>indultum</span> <span class='ocrx_word' id='word_1_265' title='bbox 1067 3959 1144 4008; x_wconf 90' lang='lat' dir='ltr'>non</span> <span class='ocrx_word' id='word_1_266' title='bbox 1167 3937 1234 4008; x_wconf 91' lang='lat' dir='ltr'>rite</span> <span class='ocrx_word' id='word_1_267' title='bbox 1258 3938 1388 4008; x_wconf 88' lang='lat' dir='ltr'>fuisset</span> <span class='ocrx_word' id='word_1_268' title='bbox 1410 3937 1617 4008; x_wconf 86' lang='lat' dir='ltr'>executioni</span> 
     </span>
     <span class='ocr_line' id='line_1_31' title="bbox 132 4062 1617 4154; baseline 0.003 -27"><span class='ocrx_word' id='word_1_269' title='bbox 132 4063 349 4133; x_wconf 87' lang='lat' dir='ltr'>mandatum:</span> <span class='ocrx_word' id='word_1_270' title='bbox 376 4091 395 4128; x_wconf 85' lang='lat'><strong>‹</strong></span> <span class='ocrx_word' id='word_1_271' title='bbox 408 4064 460 4133; x_wconf 88' lang='lat' dir='ltr'>Lo</span> <span class='ocrx_word' id='word_1_272' title='bbox 477 4063 657 4154; x_wconf 89' lang='lat' dir='ltr'>scrivente</span> <span class='ocrx_word' id='word_1_273' title='bbox 673 4085 749 4133; x_wconf 92' lang='lat' dir='ltr'>non</span> <span class='ocrx_word' id='word_1_274' title='bbox 765 4064 805 4133; x_wconf 90' lang='lat' dir='ltr'>fu</span> <span class='ocrx_word' id='word_1_275' title='bbox 821 4063 993 4134; x_wconf 91' lang='lat' dir='ltr'>richiesto</span> <span class='ocrx_word' id='word_1_276' title='bbox 1009 4063 1069 4133; x_wconf 90' lang='lat' dir='ltr'>del</span> <span class='ocrx_word' id='word_1_277' title='bbox 1085 4083 1154 4133; x_wconf 90' lang='lat' dir='ltr'>suo</span> <span class='ocrx_word' id='word_1_278' title='bbox 1171 4084 1363 4148; x_wconf 89' lang='lat' dir='ltr'>consenso,</span> <span class='ocrx_word' id='word_1_279' title='bbox 1377 4063 1443 4132; x_wconf 94' lang='lat' dir='ltr'>che</span> <span class='ocrx_word' id='word_1_280' title='bbox 1457 4062 1617 4132; x_wconf 88' lang='lat' dir='ltr'>avrebbe</span> 
     </span>
     <span class='ocr_line' id='line_1_32' title="bbox 132 4186 1617 4273; baseline 0 -17"><span class='ocrx_word' id='word_1_281' title='bbox 132 4215 147 4244; x_wconf 86' lang='lat'>‹</span> <span class='ocrx_word' id='word_1_282' title='bbox 163 4193 375 4258; x_wconf 90' lang='lat' dir='ltr'>certamente</span> <span class='ocrx_word' id='word_1_283' title='bbox 406 4186 580 4273; x_wconf 84' lang='lat' dir='ltr'>riliutato,</span> <span class='ocrx_word' id='word_1_284' title='bbox 604 4187 698 4258; x_wconf 88' lang='lat' dir='ltr'>sesi</span> <span class='ocrx_word' id='word_1_285' title='bbox 723 4189 821 4258; x_wconf 90' lang='lat' dir='ltr'>fosse</span> <span class='ocrx_word' id='word_1_286' title='bbox 845 4188 973 4258; x_wconf 90' lang='lat' dir='ltr'>voluto</span> <span class='ocrx_word' id='word_1_287' title='bbox 1005 4187 1062 4258; x_wconf 95' lang='lat' dir='ltr'>col</span> <span class='ocrx_word' id='word_1_288' title='bbox 1086 4188 1232 4257; x_wconf 90' lang='lat' dir='ltr'>decreto</span> <span class='ocrx_word' id='word_1_289' title='bbox 1257 4187 1497 4258; x_wconf 90' lang='lat' dir='ltr'>esecutoriale</span> <span class='ocrx_word' id='word_1_290' title='bbox 1521 4207 1617 4256; x_wconf 89' lang='lat' dir='ltr'>cam-</span> 
     </span>
     <span class='ocr_line' id='line_1_33' title="bbox 129 4311 968 4383; baseline 0.001 -3"><span class='ocrx_word' id='word_1_291' title='bbox 129 4336 146 4371; x_wconf 84' lang='lat'><strong>«</strong></span> <span class='ocrx_word' id='word_1_292' title='bbox 162 4311 234 4381; x_wconf 90' lang='lat' dir='ltr'>biar</span> <span class='ocrx_word' id='word_1_293' title='bbox 255 4318 390 4383; x_wconf 88' lang='lat' dir='ltr'>natura</span> <span class='ocrx_word' id='word_1_294' title='bbox 412 4313 485 4382; x_wconf 91' lang='lat' dir='ltr'>alla</span> <span class='ocrx_word' id='word_1_295' title='bbox 508 4311 673 4382; x_wconf 87' lang='lat' dir='ltr'>cessione</span> <span class='ocrx_word' id='word_1_296' title='bbox 697 4312 922 4381; x_wconf 87' lang='lat' dir='ltr'>domandata</span> <span class='ocrx_word' id='word_1_297' title='bbox 939 4339 968 4381; x_wconf 87' lang='lat'>».</span> 
     </span>
    </p>

    <p class='ocr_par' dir='ltr' id='par_1_7' title="bbox 124 4435 1693 5270">
     <span class='ocr_line' id='line_1_34' title="bbox 221 4435 1693 4526; baseline 0.002 -19"><span class='ocrx_word' id='word_1_298' title='bbox 221 4438 455 4508; x_wconf 79' lang='lat' dir='ltr'>Adulterum</span> <span class='ocrx_word' id='word_1_299' title='bbox 490 4435 719 4526; x_wconf 90' lang='lat' dir='ltr'>quaestionis</span> <span class='ocrx_word' id='word_1_300' title='bbox 746 4443 925 4525; x_wconf 89' lang='lat' dir='ltr'>punctum</span> <span class='ocrx_word' id='word_1_301' title='bbox 948 4435 1034 4505; x_wconf 83' lang='lat' dir='ltr'>Rni</span> <span class='ocrx_word' id='word_1_302' title='bbox 1059 4436 1187 4506; x_wconf 87' lang='lat' dir='ltr'>Patres</span> <span class='ocrx_word' id='word_1_303' title='bbox 1222 4436 1469 4520; x_wconf 90' lang='lat' dir='ltr'>devenientes,</span> <span class='ocrx_word' id='word_1_304' title='bbox 1493 4436 1617 4506; x_wconf 88' lang='lat' dir='ltr'>obser.</span> <span class='ocrx_word' id='word_1_305' title='bbox 1690 4505 1693 4511; x_wconf 89' lang='lat'>.</span> 
     </span>
     <span class='ocr_line' id='line_1_35' title="bbox 126 4559 1615 4651; baseline 0.003 -27"><span class='ocrx_word' id='word_1_306' title='bbox 126 4567 251 4630; x_wconf 88' lang='lat' dir='ltr'>varunt</span> <span class='ocrx_word' id='word_1_307' title='bbox 285 4563 473 4632; x_wconf 91' lang='lat' dir='ltr'>decretum</span> <span class='ocrx_word' id='word_1_308' title='bbox 497 4560 669 4650; x_wconf 81' lang='lat' dir='ltr'>Episcopi</span> <span class='ocrx_word' id='word_1_309' title='bbox 693 4560 831 4630; x_wconf 84' lang='lat' dir='ltr'>Aretini</span> <span class='ocrx_word' id='word_1_310' title='bbox 868 4559 939 4630; x_wconf 88' lang='lat' dir='ltr'>diei</span> <span class='ocrx_word' id='word_1_311' title='bbox 967 4561 1008 4630; x_wconf 74' lang='lat' dir='ltr'>la</span> <span class='ocrx_word' id='word_1_312' title='bbox 1032 4560 1117 4630; x_wconf 89' lang='lat' dir='ltr'>Maii</span> <span class='ocrx_word' id='word_1_313' title='bbox 1153 4561 1241 4630; x_wconf 79' lang='lat'>1875</span> <span class='ocrx_word' id='word_1_314' title='bbox 1263 4582 1337 4651; x_wconf 92' lang='lat' dir='ltr'>quo</span> <span class='ocrx_word' id='word_1_315' title='bbox 1373 4566 1615 4630; x_wconf 88' lang='lat' dir='ltr'>memoratum</span> 
     </span>
     <span class='ocr_line' id='line_1_36' title="bbox 124 4684 1616 4774; baseline 0.003 -26"><span class='ocrx_word' id='word_1_316' title='bbox 124 4685 332 4774; x_wconf 85' lang='lat' dir='ltr'>rescriptum</span> <span class='ocrx_word' id='word_1_317' title='bbox 367 4684 574 4754; x_wconf 83' lang='lat' dir='ltr'>executioni</span> <span class='ocrx_word' id='word_1_318' title='bbox 611 4685 826 4754; x_wconf 89' lang='lat' dir='ltr'>mandatum</span> <span class='ocrx_word' id='word_1_319' title='bbox 849 4684 929 4770; x_wconf 92' lang='lat' dir='ltr'>fuit,</span> <span class='ocrx_word' id='word_1_320' title='bbox 953 4685 1120 4755; x_wconf 90' lang='lat' dir='ltr'>nullitate</span> <span class='ocrx_word' id='word_1_321' title='bbox 1154 4684 1321 4755; x_wconf 91' lang='lat' dir='ltr'>laborare</span> <span class='ocrx_word' id='word_1_322' title='bbox 1345 4684 1553 4773; x_wconf 89' lang='lat' dir='ltr'>etquidem</span> <span class='ocrx_word' id='word_1_323' title='bbox 1578 4685 1616 4753; x_wconf 93' lang='lat' dir='ltr'>in</span> 
     </span>
     <span class='ocr_line' id='line_1_37' title="bbox 124 4809 1617 4899; baseline 0.003 -25"><span class='ocrx_word' id='word_1_324' title='bbox 124 4809 431 4880; x_wconf 89' lang='lat' dir='ltr'>substantialibus.</span> <span class='ocrx_word' id='word_1_325' title='bbox 464 4809 555 4879; x_wconf 88' lang='lat' dir='ltr'>Nam</span> <span class='ocrx_word' id='word_1_326' title='bbox 581 4809 699 4899; x_wconf 88' lang='lat' dir='ltr'>primo</span> <span class='ocrx_word' id='word_1_327' title='bbox 724 4809 762 4878; x_wconf 93' lang='lat' dir='ltr'>in</span> <span class='ocrx_word' id='word_1_328' title='bbox 786 4829 829 4879; x_wconf 90' lang='lat' dir='ltr'>eo</span> <span class='ocrx_word' id='word_1_329' title='bbox 854 4830 930 4879; x_wconf 92' lang='lat' dir='ltr'>non</span> <span class='ocrx_word' id='word_1_330' title='bbox 953 4810 1089 4880; x_wconf 88' lang='lat' dir='ltr'>servati</span> <span class='ocrx_word' id='word_1_331' title='bbox 1112 4815 1199 4880; x_wconf 91' lang='lat' dir='ltr'>sunt</span> <span class='ocrx_word' id='word_1_332' title='bbox 1221 4809 1368 4879; x_wconf 88' lang='lat' dir='ltr'>termini</span> <span class='ocrx_word' id='word_1_333' title='bbox 1391 4810 1508 4879; x_wconf 90' lang='lat' dir='ltr'>factae</span> <span class='ocrx_word' id='word_1_334' title='bbox 1533 4829 1617 4878; x_wconf 90' lang='lat' dir='ltr'>con-</span> 
     </span>
     <span class='ocr_line' id='line_1_38' title="bbox 124 4932 1616 5022; baseline 0.003 -24"><span class='ocrx_word' id='word_1_335' title='bbox 124 4933 303 5020; x_wconf 89' lang='lat' dir='ltr'>cessionis,</span> <span class='ocrx_word' id='word_1_336' title='bbox 326 4935 393 5004; x_wconf 87' lang='lat' dir='ltr'>sed</span> <span class='ocrx_word' id='word_1_337' title='bbox 422 4933 535 5004; x_wconf 92' lang='lat' dir='ltr'>huius</span> <span class='ocrx_word' id='word_1_338' title='bbox 559 4935 742 5004; x_wconf 91' lang='lat' dir='ltr'>obiectum</span> <span class='ocrx_word' id='word_1_339' title='bbox 776 4932 964 5004; x_wconf 89' lang='lat' dir='ltr'>arbitrarie</span> <span class='ocrx_word' id='word_1_340' title='bbox 994 4937 1175 5004; x_wconf 90' lang='lat' dir='ltr'>mutatum</span> <span class='ocrx_word' id='word_1_341' title='bbox 1211 4933 1289 5018; x_wconf 86' lang='lat' dir='ltr'>fuit,</span> <span class='ocrx_word' id='word_1_342' title='bbox 1314 4933 1485 5022; x_wconf 89' lang='lat' dir='ltr'>quamvis</span> <span class='ocrx_word' id='word_1_343' title='bbox 1509 4932 1546 5002; x_wconf 92' lang='lat' dir='ltr'>id</span> <span class='ocrx_word' id='word_1_344' title='bbox 1571 4955 1616 5003; x_wconf 89' lang='lat' dir='ltr'>ex</span> 
     </span>
     <span class='ocr_line' id='line_1_39' title="bbox 124 5057 1617 5147; baseline 0.002 -23"><span class='ocrx_word' id='word_1_345' title='bbox 124 5076 236 5128; x_wconf 90' lang='lat' dir='ltr'>errore</span> <span class='ocrx_word' id='word_1_346' title='bbox 265 5065 302 5130; x_wconf 89' lang='lat' dir='ltr'>et</span> <span class='ocrx_word' id='word_1_347' title='bbox 326 5058 426 5129; x_wconf 87' lang='lat' dir='ltr'>hona</span> <span class='ocrx_word' id='word_1_348' title='bbox 460 5057 532 5128; x_wconf 85' lang='lat' dir='ltr'>fide</span> <span class='ocrx_word' id='word_1_349' title='bbox 568 5058 768 5147; x_wconf 89' lang='lat' dir='ltr'>contigerit.</span> <span class='ocrx_word' id='word_1_350' title='bbox 800 5057 943 5128; x_wconf 92' lang='lat' dir='ltr'>Revera</span> <span class='ocrx_word' id='word_1_351' title='bbox 968 5058 1144 5129; x_wconf 89' lang='lat' dir='ltr'>Summus</span> <span class='ocrx_word' id='word_1_352' title='bbox 1168 5057 1339 5128; x_wconf 86' lang='lat' dir='ltr'>Pontifex</span> <span class='ocrx_word' id='word_1_353' title='bbox 1373 5062 1617 5147; x_wconf 89' lang='lat' dir='ltr'>congruenter</span> 
     </span>
     <span class='ocr_line' id='line_1_40' title="bbox 124 5181 1616 5270; baseline 0.003 -24"><span class='ocrx_word' id='word_1_354' title='bbox 124 5181 169 5249; x_wconf 88' lang='lat' dir='ltr'>ad</span> <span class='ocrx_word' id='word_1_355' title='bbox 189 5183 317 5253; x_wconf 88' lang='lat' dir='ltr'>factam</span> <span class='ocrx_word' id='word_1_356' title='bbox 341 5205 364 5253; x_wconf 89' lang='lat' dir='ltr'>a</span> <span class='ocrx_word' id='word_1_357' title='bbox 388 5184 551 5252; x_wconf 88' lang='lat' dir='ltr'>Patrono</span> <span class='ocrx_word' id='word_1_358' title='bbox 576 5181 728 5254; x_wconf 89' lang='lat' dir='ltr'>Centeni</span> <span class='ocrx_word' id='word_1_359' title='bbox 765 5182 1100 5270; x_wconf 89' lang='lat' dir='ltr'>expostulationem</span> <span class='ocrx_word' id='word_1_360' title='bbox 1123 5182 1168 5253; x_wconf 92' lang='lat' dir='ltr'>de</span> <span class='ocrx_word' id='word_1_361' title='bbox 1191 5182 1465 5253; x_wconf 87' lang='lat' dir='ltr'>adiudicatione</span> <span class='ocrx_word' id='word_1_362' title='bbox 1501 5182 1616 5252; x_wconf 93' lang='lat' dir='ltr'>annui</span> 
     </span>
    </p>
   </div>
   <div class='ocr_carea' id='block_1_5' title="bbox 11 5305 1614 5379">
    <p class='ocr_par' dir='ltr' id='par_1_8' title="bbox 11 5305 1614 5379">
     <span class='ocr_line' id='line_1_41' title="bbox 11 5305 1614 5379; baseline -0.001 -1"><span class='ocrx_word' id='word_1_363' title='bbox 11 5339 12 5378; x_wconf 65' lang='lat' dir='ltr'>v</span> <span class='ocrx_word' id='word_1_364' title='bbox 125 5305 251 5378; x_wconf 89' lang='lat' dir='ltr'>reditus</span> <span class='ocrx_word' id='word_1_365' title='bbox 272 5308 483 5379; x_wconf 91' lang='lat' dir='ltr'>libellarum</span> <span class='ocrx_word' id='word_1_366' title='bbox 501 5308 566 5376; x_wconf 85' lang='grc'>100</span> <span class='ocrx_word' id='word_1_367' title='bbox 584 5307 798 5378; x_wconf 87' lang='lat' dir='ltr'>resultantis</span> <span class='ocrx_word' id='word_1_368' title='bbox 815 5327 859 5378; x_wconf 90' lang='lat' dir='ltr'>ex</span> <span class='ocrx_word' id='word_1_369' title='bbox 876 5307 1102 5377; x_wconf 91' lang='lat' dir='ltr'>oeconomiis</span> <span class='ocrx_word' id='word_1_370' title='bbox 1125 5307 1388 5378; x_wconf 88' lang='lat' dir='ltr'>beneficiorum</span> <span class='ocrx_word' id='word_1_371' title='bbox 1405 5309 1614 5377; x_wconf 90' lang='lat' dir='ltr'>vacantium</span> 
     </span>
    </p>
   </div>
   <div class='ocr_carea' id='block_1_6' title="bbox 124 5427 1665 5648">
    <p class='ocr_par' dir='ltr' id='par_1_9' title="bbox 124 5427 1665 5648">
     <span class='ocr_line' id='line_1_42' title="bbox 125 5427 1616 5522; baseline 0.005 -27"><span class='ocrx_word' id='word_1_372' title='bbox 125 5427 236 5502; x_wconf 86' lang='lat' dir='ltr'>favore</span> <span class='ocrx_word' id='word_1_373' title='bbox 251 5433 446 5522; x_wconf 90' lang='lat' dir='ltr'>paroeciae</span> <span class='ocrx_word' id='word_1_374' title='bbox 464 5433 650 5517; x_wconf 86' lang='lat' dir='ltr'>Saccione,</span> <span class='ocrx_word' id='word_1_375' title='bbox 666 5433 823 5522; x_wconf 89' lang='lat' dir='ltr'>benigne</span> <span class='ocrx_word' id='word_1_376' title='bbox 848 5433 1031 5502; x_wconf 89' lang='lat' dir='ltr'>commisit</span> <span class='ocrx_word' id='word_1_377' title='bbox 1048 5433 1244 5504; x_wconf 76' lang='lat' dir='ltr'>Ordinatio</span> <span class='ocrx_word' id='word_1_378' title='bbox 1262 5435 1412 5504; x_wconf 86' lang='lat' dir='ltr'>Aretino</span> <span class='ocrx_word' id='word_1_379' title='bbox 1438 5461 1455 5497; x_wconf 82' lang='grc'><strong>«</strong></span> <span class='ocrx_word' id='word_1_380' title='bbox 1472 5439 1514 5503; x_wconf 92' lang='lat' dir='ltr'>ut</span> <span class='ocrx_word' id='word_1_381' title='bbox 1530 5434 1616 5522; x_wconf 91' lang='lat' dir='ltr'>peti-</span> 
     </span>
     <span class='ocr_line' id='line_1_43' title="bbox 124 5556 1665 5648; baseline -0.001 -22"><span class='ocrx_word' id='word_1_382' title='bbox 124 5581 142 5615; x_wconf 81' lang='lat'><strong>«</strong></span> <span class='ocrx_word' id='word_1_383' title='bbox 158 5559 224 5626; x_wconf 82' lang='lat' dir='ltr'>tam</span> <span class='ocrx_word' id='word_1_384' title='bbox 247 5581 312 5648; x_wconf 90' lang='lat' dir='ltr'>pro</span> <span class='ocrx_word' id='word_1_385' title='bbox 338 5581 409 5630; x_wconf 92' lang='lat' dir='ltr'>suo</span> <span class='ocrx_word' id='word_1_386' title='bbox 435 5558 586 5628; x_wconf 90' lang='lat' dir='ltr'>arbitrio</span> <span class='ocrx_word' id='word_1_387' title='bbox 611 5562 648 5628; x_wconf 93' lang='lat' dir='ltr'>et</span> <span class='ocrx_word' id='word_1_388' title='bbox 671 5556 897 5628; x_wconf 88' lang='lat' dir='ltr'>couscientia</span> <span class='ocrx_word' id='word_1_389' title='bbox 927 5557 1116 5647; x_wconf 91' lang='lat' dir='ltr'>indulgeat</span> <span class='ocrx_word' id='word_1_390' title='bbox 1151 5559 1354 5629; x_wconf 89' lang='lat' dir='ltr'>cessionem</span> <span class='ocrx_word' id='word_1_391' title='bbox 1378 5565 1415 5628; x_wconf 91' lang='lat' dir='ltr'>et</span> <span class='ocrx_word' id='word_1_392' title='bbox 1438 5558 1612 5627; x_wconf 88' lang='lat' dir='ltr'>unionem</span> <span class='ocrx_word' id='word_1_393' title='bbox 1662 5557 1665 5562; x_wconf 68' lang='grc'>“</span> 
     </span>
    </p>
   </div>
   <div class='ocr_carea' id='block_1_7' title="bbox 0 0 2024 6274">
    <p class='ocr_par' dir='ltr' id='par_1_10' title="bbox 0 0 2024 6274">
     <span class='ocr_line' id='line_1_44' title="bbox 0 0 2024 6274; baseline 0 1"><span class='ocrx_word' id='word_1_394' title='bbox 0 0 2024 6274; x_wconf 95' lang='lat' dir='ltr'> </span> 
     </span>
    </p>
   </div>
  </div>
 </body>
</html>
