4120 6284
382 395 418 452 76
689 399 767 456 Aeta
784 401 975 470 Apostotieoe
994 400 1090 456 suu.
1110 429 1126 439 -
1149 399 1409 456 conmeantum
1430 401 1571 468 Offloiete.

961 693 1029 761 Dus
1053 692 1097 760 tt
1121 690 1299 761 Ausum.

616 851 659 920 In
683 851 824 922 Octava
851 852 1125 942 Assumptionis
1149 853 1190 922 B.
1217 853 1261 923 M.
1284 851 1325 922 V.
1349 853 1493 939 anteoe
1515 855 1647 936 Maius.

471 1032 659 1101 Dominion
682 1035 788 1117 infru
814 1034 882 1101 Oet.
906 1035 1118 1103 Natiuitatis
1140 1037 1184 1102 B.
1202 1037 1252 1103 M.
1275 1037 1311 1103 V.
1336 1036 1617 1120 supprimuntur
1639 1035 1763 1100 omnio
1785 1053 1880 1118 queo

383 1139 559 1206 habentur
580 1141 622 1206 in
644 1142 844 1208 Breoioiio.

927 1318 996 1387 Duo
1023 1319 1060 1387 11
1088 1318 1327 1388 Suessionum.

486 1496 531 1564 lu
553 1500 623 1583 fine
645 1499 755 1586 hujus
776 1500 850 1565 diei
872 1500 1054 1566 addatur:
1075 1497 1183 1587 Vesp.
1208 1499 1254 1568 de
1278 1499 1447 1587 sequenti
1478 1499 1600 1584 Festo,
1631 1498 1710 1568 sine
1742 1518 1877 1569 comm.

385 1602 463 1673 Oct.
489 1601 698 1672 Natiuitatis
723 1604 764 1674 B.
789 1605 832 1673 M.
857 1604 896 1674 V.

928 1803 997 1872 Du
1024 1803 1064 1872 it
1090 1803 1330 1873 Suessionum.

486 1983 774 2066 Supprimuutur
796 1986 920 2050 omnio
942 2005 1033 2070 quoe
1057 1985 1234 2052 habentur
1255 1986 1297 2050 in
1327 1986 1526 2068 Brentesio,
1552 1985 1584 2050 et
1609 1985 1801 2068 ponuntur
1829 1943 1896 2052 se.

383 2091 550 2174 quentia:

740 2283 804 2352 SS.
830 2283 989 2352 Nounus
1013 2284 1054 2353 B.
1079 2284 1124 2355 M.
1149 2284 1189 2355 V.
1222 2286 1367 2370 oopus
1389 2289 1518 2373 majus.

474 2477 608 2548 Omnis
631 2485 672 2547 ut
695 2477 731 2546 in
756 2477 875 2548 Festis
899 2479 939 2548 B.
968 2479 1012 2547 M.
1040 2478 1082 2547 V.
1105 2499 1171 2566 per
1194 2499 1344 2563 annum,
1368 2483 1511 2566 praeter
1533 2478 1744 2566 sequentia:

486 2587 555 2654 Hie
576 2589 789 2655 inseruntur
812 2589 936 2654 omnio
959 2591 1115 2673 quaein
1137 2588 1328 2655 Breuiorio
1352 2586 1528 2654 habentur
1558 2587 1749 2654 Dominiou
1771 2589 1878 2671 infru

386 2693 516 2760 Oetaeo
539 2693 668 2777 Notio,
693 2714 891 2779 suppresso
913 2696 1033 2760 tomen
1055 2696 1097 2760 iu
1120 2693 1147 2760 I.
1171 2693 1268 2776 Vesp.
1289 2694 1447 2760 Rubrieo
1471 2692 1516 2760 Et
1539 2690 1581 2760 fit
1606 2690 1745 2761 Comm.
1770 2691 1877 2761 Dom.

384 2798 617 2868 occurrentis.

348 2941 351 2948 ·
486 2907 531 2974 Iu
553 2908 623 2991 fine
652 2907 709 2976 VI.
732 2907 909 2976 Lectionis
931 2909 1212 2991 supprimantur
1233 2906 1357 2973 verbo:
1372 2904 1566 2974 Dominiea
1585 2904 1681 2974 intre
1698 2905 1877 2976 Octavam

383 3010 594 3082 Nativitetis
617 3012 752 3082 Beatae
776 3011 934 3102 Virginis
958 3012 1104 3083 Mariae.

487 3231 569 3298 Post
598 3230 691 3298 VIII.
715 3231 912 3297 Lectionum
935 3231 1097 3297 addetur
1110 3254 1120 3296 .·

1021 3440 1143 3512 Lectio
1168 3441 1236 3512 IX.

487 3641 602 3710 Beata
626 3661 719 3730 quae
744 3640 798 3730 (ut
818 3645 861 3709 iu
884 3642 1024 3709 Deoroto
1048 3640 1085 3708 S.
1111 3642 1151 3708 R.
1178 3639 1212 3708 O.
1237 3645 1281 3710 10
1302 3640 1505 3708 Novembris
1528 3640 1640 3730 1909).

486 3749 775 3832 Supprimontur
798 3748 892 3814 duae
906 3749 1057 3813 ultimae
1073 3746 1249 3814 Rubriooe
1264 3749 1296 3812 et
1311 3767 1433 3812 eorum
1450 3747 1520 3813 tooo
1530 3748 1694 3830 ponatur
1708 3767 1880 3832 sequeus:

384 3853 427 3922 In
451 3853 495 3924 ΙΙ.
519 3853 626 3942 Vesp.
650 3874 725 3922 non
749 3851 791 3921 fit
813 3872 943 3922 comm.
968 3873 1043 3941 seq.
1068 3851 1140 3922 diei
1164 3851 1260 3921 infra
1286 3851 1363 3922 Oet.

950 4083 1017 4151 Dis
1043 4084 1058 4152 1
1086 4083 1313 4152 Novsussis.

487 4281 773 4366 Supprimontur
789 4282 883 4348 olnae
897 4283 1047 4348 ultimae
1061 4281 1238 4347 Rubrioue
1254 4278 1358 4347 Dioto
1375 4283 1454 4365 ete,
1470 4284 1501 4348 et
1525 4278 1563 4348 Si
1580 4278 1697 4367 prima
1713 4279 1793 4350 dies
1817 4286 1878 4350 eto.

946 4491 1015 4560 Dis
1038 4491 1060 4559 t
1085 4491 1310 4561 Novsuems

485 4689 777 4774 Supprimautur
806 4691 931 4757 omniu
957 4709 1050 4774 quoe
1079 4689 1255 4756 habentur
1284 4691 1325 4754 in
1356 4689 1557 4792 Breoiorio,
1592 4691 1623 4755 et
1653 4708 1775 4756 eorum
1808 4690 1881 4758 loeo

379 4800 565 4882 ponentur
588 4816 680 4881 quoe
703 4799 770 4863 huo
793 4797 851 4864 die
872 4797 1047 4864 habentur
1069 4799 1111 4862 in
1133 4796 1336 4879 Appendioe
1358 4797 1441 4862 uooi
1459 4796 1641 4863 Psotterii.

945 5024 1014 5092 Dis
1038 5025 1060 5093 8
1079 5024 1304 5094 Novsusms.

649 5221 692 5289 In
717 5219 857 5290 Octava
879 5219 1055 5289 omnium.
1082 5219 1299 5290 Sanctorum
1325 5223 1468 5305 Dupteu
1488 5224 1617 5309 majus.

492 5419 625 5486 Ultimo
649 5417 806 5484 Rubi-iou
827 5419 879 5484 sie
902 5418 1122 5501 eorriyotur:
1144 5414 1251 5503 Vesp.
1269 5417 1313 5485 de
1338 5437 1414 5504 seq.
1438 5436 1520 5485 eum
1546 5373 1686 5487 Comm.
1710 5437 1835 5504 praee.
